%YAML 1.1
%TAG !u! tag:unity3d.com,2011:
--- !u!1 &371678931488019985
GameObject:
  m_ObjectHideFlags: 0
  m_CorrespondingSourceObject: {fileID: 0}
  m_PrefabInstance: {fileID: 0}
  m_PrefabAsset: {fileID: 0}
  serializedVersion: 6
  m_Component:
  - component: {fileID: 371678931487591409}
  m_Layer: 0
  m_Name: Wrist_R
  m_TagString: Untagged
  m_Icon: {fileID: 0}
  m_NavMeshLayer: 0
  m_StaticEditorFlags: 0
  m_IsActive: 1
--- !u!4 &371678931487591409
Transform:
  m_ObjectHideFlags: 0
  m_CorrespondingSourceObject: {fileID: 0}
  m_PrefabInstance: {fileID: 0}
  m_PrefabAsset: {fileID: 0}
  m_GameObject: {fileID: 371678931488019985}
  m_LocalRotation: {x: -0.40286976, y: -0.32199255, z: 0.37962165, w: 0.7680523}
  m_LocalPosition: {x: -0.3359784, y: 0.000000114440915, z: -0.000000076293944}
  m_LocalScale: {x: 0.99999994, y: 1, z: 0.99999994}
  m_Children:
  - {fileID: 371678931487591347}
  - {fileID: 371678931487591341}
  - {fileID: 371678931487591361}
  m_Father: {fileID: 371678931487591325}
  m_RootOrder: 0
  m_LocalEulerAnglesHint: {x: 0, y: 0, z: 0}
--- !u!1 &371678931488019987
GameObject:
  m_ObjectHideFlags: 0
  m_CorrespondingSourceObject: {fileID: 0}
  m_PrefabInstance: {fileID: 0}
  m_PrefabAsset: {fileID: 0}
  serializedVersion: 6
  m_Component:
  - component: {fileID: 371678931487591411}
  m_Layer: 0
  m_Name: Wrist_L
  m_TagString: Untagged
  m_Icon: {fileID: 0}
  m_NavMeshLayer: 0
  m_StaticEditorFlags: 0
  m_IsActive: 1
--- !u!4 &371678931487591411
Transform:
  m_ObjectHideFlags: 0
  m_CorrespondingSourceObject: {fileID: 0}
  m_PrefabInstance: {fileID: 0}
  m_PrefabAsset: {fileID: 0}
  m_GameObject: {fileID: 371678931488019987}
  m_LocalRotation: {x: -0.40286976, y: -0.32199255, z: 0.37962165, w: 0.7680523}
  m_LocalPosition: {x: 0.3359785, y: -0.000000114440915, z: 0}
  m_LocalScale: {x: 1, y: 1, z: 1}
  m_Children:
  - {fileID: 371678931487591349}
  - {fileID: 371678931487591343}
  - {fileID: 371678931487591363}
  m_Father: {fileID: 371678931487591327}
  m_RootOrder: 0
  m_LocalEulerAnglesHint: {x: 0, y: 0, z: 0}
--- !u!1 &371678931488019989
GameObject:
  m_ObjectHideFlags: 0
  m_CorrespondingSourceObject: {fileID: 0}
  m_PrefabInstance: {fileID: 0}
  m_PrefabAsset: {fileID: 0}
  serializedVersion: 6
  m_Component:
  - component: {fileID: 371678931487591413}
  m_Layer: 0
  m_Name: Toes_R
  m_TagString: Untagged
  m_Icon: {fileID: 0}
  m_NavMeshLayer: 0
  m_StaticEditorFlags: 0
  m_IsActive: 1
--- !u!4 &371678931487591413
Transform:
  m_ObjectHideFlags: 0
  m_CorrespondingSourceObject: {fileID: 0}
  m_PrefabInstance: {fileID: 0}
  m_PrefabAsset: {fileID: 0}
  m_GameObject: {fileID: 371678931488019989}
  m_LocalRotation: {x: 0.9821739, y: -0.18686979, z: 0.014170694, w: 0.014603436}
  m_LocalPosition: {x: -0.09682185, y: 0.08150684, z: 0}
  m_LocalScale: {x: 0.99999994, y: 1.0000001, z: 1.0000001}
  m_Children: []
  m_Father: {fileID: 371678931487591317}
  m_RootOrder: 0
  m_LocalEulerAnglesHint: {x: 0, y: 0, z: 0}
--- !u!1 &371678931488019991
GameObject:
  m_ObjectHideFlags: 0
  m_CorrespondingSourceObject: {fileID: 0}
  m_PrefabInstance: {fileID: 0}
  m_PrefabAsset: {fileID: 0}
  serializedVersion: 6
  m_Component:
  - component: {fileID: 371678931487591415}
  m_Layer: 0
  m_Name: Toes_L
  m_TagString: Untagged
  m_Icon: {fileID: 0}
  m_NavMeshLayer: 0
  m_StaticEditorFlags: 0
  m_IsActive: 1
--- !u!4 &371678931487591415
Transform:
  m_ObjectHideFlags: 0
  m_CorrespondingSourceObject: {fileID: 0}
  m_PrefabInstance: {fileID: 0}
  m_PrefabAsset: {fileID: 0}
  m_GameObject: {fileID: 371678931488019991}
  m_LocalRotation: {x: 0.9821739, y: -0.18686977, z: 0.014170694, w: 0.014603436}
  m_LocalPosition: {x: 0.09682185, y: -0.08150687, z: 0}
  m_LocalScale: {x: 1, y: 0.99999994, z: 1.0000001}
  m_Children: []
  m_Father: {fileID: 371678931487591319}
  m_RootOrder: 0
  m_LocalEulerAnglesHint: {x: 0, y: 0, z: 0}
--- !u!1 &371678931488020385
GameObject:
  m_ObjectHideFlags: 0
  m_CorrespondingSourceObject: {fileID: 0}
  m_PrefabInstance: {fileID: 0}
  m_PrefabAsset: {fileID: 0}
  serializedVersion: 6
  m_Component:
  - component: {fileID: 371678931487591297}
  m_Layer: 0
  m_Name: Eye_R
  m_TagString: Untagged
  m_Icon: {fileID: 0}
  m_NavMeshLayer: 0
  m_StaticEditorFlags: 0
  m_IsActive: 1
--- !u!4 &371678931487591297
Transform:
  m_ObjectHideFlags: 0
  m_CorrespondingSourceObject: {fileID: 0}
  m_PrefabInstance: {fileID: 0}
  m_PrefabAsset: {fileID: 0}
  m_GameObject: {fileID: 371678931488020385}
  m_LocalRotation: {x: -0.58426833, y: 0.71138287, z: 0.25737807, w: -0.2938052}
  m_LocalPosition: {x: 0.023874206, y: 0.133912, z: -0.069641575}
  m_LocalScale: {x: 1, y: 1.0000001, z: 1.0000001}
  m_Children:
  - {fileID: 371678931487591301}
  - {fileID: 371678931487591309}
  m_Father: {fileID: 371678931487591307}
  m_RootOrder: 1
  m_LocalEulerAnglesHint: {x: 0, y: 0, z: 0}
--- !u!1 &371678931488020387
GameObject:
  m_ObjectHideFlags: 0
  m_CorrespondingSourceObject: {fileID: 0}
  m_PrefabInstance: {fileID: 0}
  m_PrefabAsset: {fileID: 0}
  serializedVersion: 6
  m_Component:
  - component: {fileID: 371678931487591299}
  m_Layer: 0
  m_Name: Eye_L
  m_TagString: Untagged
  m_Icon: {fileID: 0}
  m_NavMeshLayer: 0
  m_StaticEditorFlags: 0
  m_IsActive: 1
--- !u!4 &371678931487591299
Transform:
  m_ObjectHideFlags: 0
  m_CorrespondingSourceObject: {fileID: 0}
  m_PrefabInstance: {fileID: 0}
  m_PrefabAsset: {fileID: 0}
  m_GameObject: {fileID: 371678931488020387}
  m_LocalRotation: {x: -0.58426833, y: 0.71138287, z: -0.25737807, w: 0.2938052}
  m_LocalPosition: {x: 0.023874054, y: 0.13391201, z: 0.06964158}
  m_LocalScale: {x: 0.99999994, y: 1.0000001, z: 1.0000001}
  m_Children:
  - {fileID: 371678931487591303}
  - {fileID: 371678931487591311}
  m_Father: {fileID: 371678931487591307}
  m_RootOrder: 0
  m_LocalEulerAnglesHint: {x: 0, y: 0, z: 0}
--- !u!1 &371678931488020389
GameObject:
  m_ObjectHideFlags: 0
  m_CorrespondingSourceObject: {fileID: 0}
  m_PrefabInstance: {fileID: 0}
  m_PrefabAsset: {fileID: 0}
  serializedVersion: 6
  m_Component:
  - component: {fileID: 371678931487591301}
  m_Layer: 0
  m_Name: Eye_Down_R
  m_TagString: Untagged
  m_Icon: {fileID: 0}
  m_NavMeshLayer: 0
  m_StaticEditorFlags: 0
  m_IsActive: 1
--- !u!4 &371678931487591301
Transform:
  m_ObjectHideFlags: 0
  m_CorrespondingSourceObject: {fileID: 0}
  m_PrefabInstance: {fileID: 0}
  m_PrefabAsset: {fileID: 0}
  m_GameObject: {fileID: 371678931488020389}
  m_LocalRotation: {x: 0.13868621, y: 0.0022722934, z: -0.00015833307, w: 0.99033374}
  m_LocalPosition: {x: -0.05739104, y: -0.037505124, z: -0.003013538}
  m_LocalScale: {x: 0.99999994, y: 1, z: 1}
  m_Children: []
  m_Father: {fileID: 371678931487591297}
  m_RootOrder: 0
  m_LocalEulerAnglesHint: {x: 0, y: 0, z: 0}
--- !u!1 &371678931488020391
GameObject:
  m_ObjectHideFlags: 0
  m_CorrespondingSourceObject: {fileID: 0}
  m_PrefabInstance: {fileID: 0}
  m_PrefabAsset: {fileID: 0}
  serializedVersion: 6
  m_Component:
  - component: {fileID: 371678931487591303}
  m_Layer: 0
  m_Name: Eye_Down_L
  m_TagString: Untagged
  m_Icon: {fileID: 0}
  m_NavMeshLayer: 0
  m_StaticEditorFlags: 0
  m_IsActive: 1
--- !u!4 &371678931487591303
Transform:
  m_ObjectHideFlags: 0
  m_CorrespondingSourceObject: {fileID: 0}
  m_PrefabInstance: {fileID: 0}
  m_PrefabAsset: {fileID: 0}
  m_GameObject: {fileID: 371678931488020391}
  m_LocalRotation: {x: -0.13868621, y: -0.0022722934, z: -0.00015833307, w: 0.99033374}
  m_LocalPosition: {x: -0.05739104, y: -0.037505124, z: 0.003013538}
  m_LocalScale: {x: 1, y: 1, z: 0.9999999}
  m_Children: []
  m_Father: {fileID: 371678931487591299}
  m_RootOrder: 0
  m_LocalEulerAnglesHint: {x: 0, y: 0, z: 0}
--- !u!1 &371678931488020393
GameObject:
  m_ObjectHideFlags: 0
  m_CorrespondingSourceObject: {fileID: 0}
  m_PrefabInstance: {fileID: 0}
  m_PrefabAsset: {fileID: 0}
  serializedVersion: 6
  m_Component:
  - component: {fileID: 371678931487591305}
  m_Layer: 0
  m_Name: Hip_L
  m_TagString: Untagged
  m_Icon: {fileID: 0}
  m_NavMeshLayer: 0
  m_StaticEditorFlags: 0
  m_IsActive: 1
--- !u!4 &371678931487591305
Transform:
  m_ObjectHideFlags: 0
  m_CorrespondingSourceObject: {fileID: 0}
  m_PrefabInstance: {fileID: 0}
  m_PrefabAsset: {fileID: 0}
  m_GameObject: {fileID: 371678931488020393}
  m_LocalRotation: {x: 0.9145161, y: 0.16528021, z: 0.15604192, w: -0.33465466}
  m_LocalPosition: {x: 0.025499953, y: 0.015379791, z: 0.13902344}
  m_LocalScale: {x: 1, y: 1.0000001, z: 1}
  m_Children:
  - {fileID: 371678931487591335}
  m_Father: {fileID: 371678931487591329}
  m_RootOrder: 0
  m_LocalEulerAnglesHint: {x: 0, y: 0, z: 0}
--- !u!1 &371678931488020395
GameObject:
  m_ObjectHideFlags: 0
  m_CorrespondingSourceObject: {fileID: 0}
  m_PrefabInstance: {fileID: 0}
  m_PrefabAsset: {fileID: 0}
  serializedVersion: 6
  m_Component:
  - component: {fileID: 371678931487591307}
  m_Layer: 0
  m_Name: Head
  m_TagString: Untagged
  m_Icon: {fileID: 0}
  m_NavMeshLayer: 0
  m_StaticEditorFlags: 0
  m_IsActive: 1
--- !u!4 &371678931487591307
Transform:
  m_ObjectHideFlags: 0
  m_CorrespondingSourceObject: {fileID: 0}
  m_PrefabInstance: {fileID: 0}
  m_PrefabAsset: {fileID: 0}
  m_GameObject: {fileID: 371678931488020395}
  m_LocalRotation: {x: 0, y: 0, z: 0.05820374, w: 0.9983047}
  m_LocalPosition: {x: -0.30073196, y: -7.105427e-17, z: -3.1974422e-15}
  m_LocalScale: {x: 1, y: 1, z: 1}
  m_Children:
  - {fileID: 371678931487591299}
  - {fileID: 371678931487591297}
  - {fileID: 371678931487591353}
  m_Father: {fileID: 371678931487591331}
  m_RootOrder: 0
  m_LocalEulerAnglesHint: {x: 0, y: 0, z: 0}
--- !u!1 &371678931488020397
GameObject:
  m_ObjectHideFlags: 0
  m_CorrespondingSourceObject: {fileID: 0}
  m_PrefabInstance: {fileID: 0}
  m_PrefabAsset: {fileID: 0}
  serializedVersion: 6
  m_Component:
  - component: {fileID: 371678931487591309}
  m_Layer: 0
  m_Name: Eye_Up_R
  m_TagString: Untagged
  m_Icon: {fileID: 0}
  m_NavMeshLayer: 0
  m_StaticEditorFlags: 0
  m_IsActive: 1
--- !u!4 &371678931487591309
Transform:
  m_ObjectHideFlags: 0
  m_CorrespondingSourceObject: {fileID: 0}
  m_PrefabInstance: {fileID: 0}
  m_PrefabAsset: {fileID: 0}
  m_GameObject: {fileID: 371678931488020397}
  m_LocalRotation: {x: 0.13868621, y: 0.0022722934, z: -0.00015833307, w: 0.99033374}
  m_LocalPosition: {x: -0.067603886, y: 0.020687567, z: 0.027430942}
  m_LocalScale: {x: 0.99999994, y: 1, z: 1}
  m_Children: []
  m_Father: {fileID: 371678931487591297}
  m_RootOrder: 1
  m_LocalEulerAnglesHint: {x: 0, y: 0, z: 0}
--- !u!1 &371678931488020399
GameObject:
  m_ObjectHideFlags: 0
  m_CorrespondingSourceObject: {fileID: 0}
  m_PrefabInstance: {fileID: 0}
  m_PrefabAsset: {fileID: 0}
  serializedVersion: 6
  m_Component:
  - component: {fileID: 371678931487591311}
  m_Layer: 0
  m_Name: Eye_Up_L
  m_TagString: Untagged
  m_Icon: {fileID: 0}
  m_NavMeshLayer: 0
  m_StaticEditorFlags: 0
  m_IsActive: 1
--- !u!4 &371678931487591311
Transform:
  m_ObjectHideFlags: 0
  m_CorrespondingSourceObject: {fileID: 0}
  m_PrefabInstance: {fileID: 0}
  m_PrefabAsset: {fileID: 0}
  m_GameObject: {fileID: 371678931488020399}
  m_LocalRotation: {x: -0.13868621, y: -0.0022722934, z: -0.00015833307, w: 0.99033374}
  m_LocalPosition: {x: -0.067603886, y: 0.020687567, z: -0.027430942}
  m_LocalScale: {x: 1, y: 1, z: 0.9999999}
  m_Children: []
  m_Father: {fileID: 371678931487591299}
  m_RootOrder: 1
  m_LocalEulerAnglesHint: {x: 0, y: 0, z: 0}
--- !u!1 &371678931488020401
GameObject:
  m_ObjectHideFlags: 0
  m_CorrespondingSourceObject: {fileID: 0}
  m_PrefabInstance: {fileID: 0}
  m_PrefabAsset: {fileID: 0}
  serializedVersion: 6
  m_Component:
  - component: {fileID: 371678931487591313}
  m_Layer: 0
  m_Name: Clavicle_R
  m_TagString: Untagged
  m_Icon: {fileID: 0}
  m_NavMeshLayer: 0
  m_StaticEditorFlags: 0
  m_IsActive: 1
--- !u!4 &371678931487591313
Transform:
  m_ObjectHideFlags: 0
  m_CorrespondingSourceObject: {fileID: 0}
  m_PrefabInstance: {fileID: 0}
  m_PrefabAsset: {fileID: 0}
  m_GameObject: {fileID: 371678931488020401}
  m_LocalRotation: {x: 0.36078864, y: -0.26955786, z: 0.6603715, w: 0.60089904}
  m_LocalPosition: {x: -0.051914368, y: 0.028987732, z: -0.13185616}
  m_LocalScale: {x: 1.0000001, y: 1, z: 1}
  m_Children:
  - {fileID: 371678931487591391}
  m_Father: {fileID: 371678931487591365}
  m_RootOrder: 1
  m_LocalEulerAnglesHint: {x: 0, y: 0, z: 0}
--- !u!1 &371678931488020403
GameObject:
  m_ObjectHideFlags: 0
  m_CorrespondingSourceObject: {fileID: 0}
  m_PrefabInstance: {fileID: 0}
  m_PrefabAsset: {fileID: 0}
  serializedVersion: 6
  m_Component:
  - component: {fileID: 371678931487591315}
  m_Layer: 0
  m_Name: Clavicle_L
  m_TagString: Untagged
  m_Icon: {fileID: 0}
  m_NavMeshLayer: 0
  m_StaticEditorFlags: 0
  m_IsActive: 1
--- !u!4 &371678931487591315
Transform:
  m_ObjectHideFlags: 0
  m_CorrespondingSourceObject: {fileID: 0}
  m_PrefabInstance: {fileID: 0}
  m_PrefabAsset: {fileID: 0}
  m_GameObject: {fileID: 371678931488020403}
  m_LocalRotation: {x: -0.26955786, y: -0.36078864, z: -0.60089904, w: 0.6603715}
  m_LocalPosition: {x: -0.05191429, y: 0.028987732, z: 0.13185617}
  m_LocalScale: {x: 1.0000001, y: 1, z: 1}
  m_Children:
  - {fileID: 371678931487591377}
  m_Father: {fileID: 371678931487591365}
  m_RootOrder: 0
  m_LocalEulerAnglesHint: {x: 0, y: 0, z: 0}
--- !u!1 &371678931488020405
GameObject:
  m_ObjectHideFlags: 0
  m_CorrespondingSourceObject: {fileID: 0}
  m_PrefabInstance: {fileID: 0}
  m_PrefabAsset: {fileID: 0}
  serializedVersion: 6
  m_Component:
  - component: {fileID: 371678931487591317}
  m_Layer: 0
  m_Name: Ankle_R
  m_TagString: Untagged
  m_Icon: {fileID: 0}
  m_NavMeshLayer: 0
  m_StaticEditorFlags: 0
  m_IsActive: 1
--- !u!4 &371678931487591317
Transform:
  m_ObjectHideFlags: 0
  m_CorrespondingSourceObject: {fileID: 0}
  m_PrefabInstance: {fileID: 0}
  m_PrefabAsset: {fileID: 0}
  m_GameObject: {fileID: 371678931488020405}
  m_LocalRotation: {x: -0.58157766, y: 0.72348976, z: -0.28681338, w: -0.23678693}
  m_LocalPosition: {x: -0.33946952, y: -0.000000009536743, z: 0}
  m_LocalScale: {x: 0.9999999, y: 1, z: 0.9999999}
  m_Children:
  - {fileID: 371678931487591413}
  m_Father: {fileID: 371678931487591333}
  m_RootOrder: 0
  m_LocalEulerAnglesHint: {x: 0, y: 0, z: 0}
--- !u!1 &371678931488020407
GameObject:
  m_ObjectHideFlags: 0
  m_CorrespondingSourceObject: {fileID: 0}
  m_PrefabInstance: {fileID: 0}
  m_PrefabAsset: {fileID: 0}
  serializedVersion: 6
  m_Component:
  - component: {fileID: 371678931487591319}
  m_Layer: 0
  m_Name: Ankle_L
  m_TagString: Untagged
  m_Icon: {fileID: 0}
  m_NavMeshLayer: 0
  m_StaticEditorFlags: 0
  m_IsActive: 1
--- !u!4 &371678931487591319
Transform:
  m_ObjectHideFlags: 0
  m_CorrespondingSourceObject: {fileID: 0}
  m_PrefabInstance: {fileID: 0}
  m_PrefabAsset: {fileID: 0}
  m_GameObject: {fileID: 371678931488020407}
  m_LocalRotation: {x: -0.58157766, y: 0.72348976, z: -0.28681338, w: -0.23678693}
  m_LocalPosition: {x: 0.3394696, y: -0.000000009536743, z: 0.000000019073486}
  m_LocalScale: {x: 1, y: 1, z: 0.99999994}
  m_Children:
  - {fileID: 371678931487591415}
  m_Father: {fileID: 371678931487591335}
  m_RootOrder: 0
  m_LocalEulerAnglesHint: {x: 0, y: 0, z: 0}
--- !u!1 &371678931488020409
GameObject:
  m_ObjectHideFlags: 0
  m_CorrespondingSourceObject: {fileID: 0}
  m_PrefabInstance: {fileID: 0}
  m_PrefabAsset: {fileID: 0}
  serializedVersion: 6
  m_Component:
  - component: {fileID: 371678931487591321}
  - component: {fileID: 371678931478537335}
  m_Layer: 0
  m_Name: Ent_Autumn
  m_TagString: Untagged
  m_Icon: {fileID: 0}
  m_NavMeshLayer: 0
  m_StaticEditorFlags: 0
  m_IsActive: 1
--- !u!4 &371678931487591321
Transform:
  m_ObjectHideFlags: 0
  m_CorrespondingSourceObject: {fileID: 0}
  m_PrefabInstance: {fileID: 0}
  m_PrefabAsset: {fileID: 0}
  m_GameObject: {fileID: 371678931488020409}
  m_LocalRotation: {x: 0, y: 0, z: 0, w: 1}
  m_LocalPosition: {x: 0, y: 0, z: 0}
  m_LocalScale: {x: 1, y: 1, z: 1}
  m_Children:
  - {fileID: 371678931487591323}
  - {fileID: 371678931487591379}
  m_Father: {fileID: 0}
  m_RootOrder: 0
  m_LocalEulerAnglesHint: {x: 0, y: 0, z: 0}
--- !u!95 &371678931478537335
Animator:
  serializedVersion: 3
  m_ObjectHideFlags: 0
  m_CorrespondingSourceObject: {fileID: 0}
  m_PrefabInstance: {fileID: 0}
  m_PrefabAsset: {fileID: 0}
  m_GameObject: {fileID: 371678931488020409}
  m_Enabled: 1
  m_Avatar: {fileID: 9000000, guid: cc39ff3db7402a4439e72200b53d213b, type: 3}
  m_Controller: {fileID: 0}
  m_CullingMode: 1
  m_UpdateMode: 0
  m_ApplyRootMotion: 0
  m_LinearVelocityBlending: 0
  m_WarningMessage: 
  m_HasTransformHierarchy: 1
  m_AllowConstantClipSamplingOptimization: 1
  m_KeepAnimatorControllerStateOnDisable: 0
--- !u!1 &371678931488020411
GameObject:
  m_ObjectHideFlags: 0
  m_CorrespondingSourceObject: {fileID: 0}
  m_PrefabInstance: {fileID: 0}
  m_PrefabAsset: {fileID: 0}
  serializedVersion: 6
  m_Component:
  - component: {fileID: 371678931487591323}
  - component: {fileID: 371678931474422455}
  m_Layer: 0
  m_Name: Ent_Mesh
  m_TagString: Untagged
  m_Icon: {fileID: 0}
  m_NavMeshLayer: 0
  m_StaticEditorFlags: 0
  m_IsActive: 1
--- !u!4 &371678931487591323
Transform:
  m_ObjectHideFlags: 0
  m_CorrespondingSourceObject: {fileID: 0}
  m_PrefabInstance: {fileID: 0}
  m_PrefabAsset: {fileID: 0}
  m_GameObject: {fileID: 371678931488020411}
  m_LocalRotation: {x: -0.7071068, y: 0, z: -0, w: 0.7071068}
  m_LocalPosition: {x: -0, y: 0, z: 0}
  m_LocalScale: {x: 1, y: 1, z: 1}
  m_Children: []
  m_Father: {fileID: 371678931487591321}
  m_RootOrder: 0
  m_LocalEulerAnglesHint: {x: 0, y: 0, z: 0}
--- !u!137 &371678931474422455
SkinnedMeshRenderer:
  m_ObjectHideFlags: 0
  m_CorrespondingSourceObject: {fileID: 0}
  m_PrefabInstance: {fileID: 0}
  m_PrefabAsset: {fileID: 0}
  m_GameObject: {fileID: 371678931488020411}
  m_Enabled: 1
  m_CastShadows: 1
  m_ReceiveShadows: 1
  m_DynamicOccludee: 1
  m_MotionVectors: 1
  m_LightProbeUsage: 1
  m_ReflectionProbeUsage: 1
  m_RayTracingMode: 0
  m_RenderingLayerMask: 1
  m_RendererPriority: 0
  m_Materials:
  - {fileID: 2100000, guid: 671434253f660fb4b8d50bafe46ba5b9, type: 2}
  m_StaticBatchInfo:
    firstSubMesh: 0
    subMeshCount: 0
  m_StaticBatchRoot: {fileID: 0}
  m_ProbeAnchor: {fileID: 0}
  m_LightProbeVolumeOverride: {fileID: 0}
  m_ScaleInLightmap: 1
  m_ReceiveGI: 1
  m_PreserveUVs: 0
  m_IgnoreNormalsForChartDetection: 0
  m_ImportantGI: 0
  m_StitchLightmapSeams: 0
  m_SelectedEditorRenderState: 3
  m_MinimumChartSize: 4
  m_AutoUVMaxDistance: 0.5
  m_AutoUVMaxAngle: 89
  m_LightmapParameters: {fileID: 0}
  m_SortingLayerID: 0
  m_SortingLayer: 0
  m_SortingOrder: 0
  serializedVersion: 2
  m_Quality: 0
  m_UpdateWhenOffscreen: 0
  m_SkinnedMotionVectors: 1
  m_Mesh: {fileID: 4300000, guid: cc39ff3db7402a4439e72200b53d213b, type: 3}
  m_Bones:
  - {fileID: 371678931487591327}
  - {fileID: 371678931487591411}
  - {fileID: 371678931487591325}
  - {fileID: 371678931487591409}
  - {fileID: 371678931487591313}
  - {fileID: 371678931487591391}
  - {fileID: 371678931487591387}
  - {fileID: 371678931487591365}
  - {fileID: 371678931487591379}
  - {fileID: 371678931487591341}
  - {fileID: 371678931487591347}
  - {fileID: 371678931487591337}
  - {fileID: 371678931487591381}
  - {fileID: 371678931487591361}
  - {fileID: 371678931487591373}
  - {fileID: 371678931487591355}
  - {fileID: 371678931487591359}
  - {fileID: 371678931487591369}
  - {fileID: 371678931487591377}
  - {fileID: 371678931487591389}
  - {fileID: 371678931487591315}
  - {fileID: 371678931487591343}
  - {fileID: 371678931487591349}
  - {fileID: 371678931487591339}
  - {fileID: 371678931487591383}
  - {fileID: 371678931487591363}
  - {fileID: 371678931487591375}
  - {fileID: 371678931487591357}
  - {fileID: 371678931487591345}
  - {fileID: 371678931487591371}
  - {fileID: 371678931487591307}
  - {fileID: 371678931487591317}
  - {fileID: 371678931487591413}
  - {fileID: 371678931487591333}
  - {fileID: 371678931487591351}
  - {fileID: 371678931487591329}
  - {fileID: 371678931487591319}
  - {fileID: 371678931487591415}
  - {fileID: 371678931487591335}
  - {fileID: 371678931487591305}
  - {fileID: 371678931487591331}
  - {fileID: 371678931487591353}
  - {fileID: 371678931487591385}
  - {fileID: 371678931487591367}
  - {fileID: 371678931487591299}
  - {fileID: 371678931487591297}
  - {fileID: 371678931487591303}
  - {fileID: 371678931487591311}
  - {fileID: 371678931487591301}
  - {fileID: 371678931487591309}
  m_BlendShapeWeights: []
  m_RootBone: {fileID: 371678931487591379}
  m_AABB:
    m_Center: {x: 0.077337205, y: 0.031890914, z: 0.02278936}
    m_Extent: {x: 1.1509509, y: 0.52661616, z: 0.75911963}
  m_DirtyAABB: 0
--- !u!1 &371678931488020413
GameObject:
  m_ObjectHideFlags: 0
  m_CorrespondingSourceObject: {fileID: 0}
  m_PrefabInstance: {fileID: 0}
  m_PrefabAsset: {fileID: 0}
  serializedVersion: 6
  m_Component:
  - component: {fileID: 371678931487591325}
  m_Layer: 0
  m_Name: Elbow_R
  m_TagString: Untagged
  m_Icon: {fileID: 0}
  m_NavMeshLayer: 0
  m_StaticEditorFlags: 0
  m_IsActive: 1
--- !u!4 &371678931487591325
Transform:
  m_ObjectHideFlags: 0
  m_CorrespondingSourceObject: {fileID: 0}
  m_PrefabInstance: {fileID: 0}
  m_PrefabAsset: {fileID: 0}
  m_GameObject: {fileID: 371678931488020413}
  m_LocalRotation: {x: 0, y: 0, z: 0.20211628, w: 0.97936153}
  m_LocalPosition: {x: -0.31765494, y: -0.000000076293944, z: 0}
  m_LocalScale: {x: 1.0000001, y: 1, z: 0.99999994}
  m_Children:
  - {fileID: 371678931487591409}
  m_Father: {fileID: 371678931487591391}
  m_RootOrder: 0
  m_LocalEulerAnglesHint: {x: 0, y: 0, z: 0}
--- !u!1 &371678931488020415
GameObject:
  m_ObjectHideFlags: 0
  m_CorrespondingSourceObject: {fileID: 0}
  m_PrefabInstance: {fileID: 0}
  m_PrefabAsset: {fileID: 0}
  serializedVersion: 6
  m_Component:
  - component: {fileID: 371678931487591327}
  m_Layer: 0
  m_Name: Elbow_L
  m_TagString: Untagged
  m_Icon: {fileID: 0}
  m_NavMeshLayer: 0
  m_StaticEditorFlags: 0
  m_IsActive: 1
--- !u!4 &371678931487591327
Transform:
  m_ObjectHideFlags: 0
  m_CorrespondingSourceObject: {fileID: 0}
  m_PrefabInstance: {fileID: 0}
  m_PrefabAsset: {fileID: 0}
  m_GameObject: {fileID: 371678931488020415}
  m_LocalRotation: {x: 0, y: 0, z: 0.20211628, w: 0.97936153}
  m_LocalPosition: {x: 0.31765488, y: 0.000000038146972, z: 0}
  m_LocalScale: {x: 1.0000001, y: 1, z: 1}
  m_Children:
  - {fileID: 371678931487591411}
  m_Father: {fileID: 371678931487591377}
  m_RootOrder: 0
  m_LocalEulerAnglesHint: {x: 0, y: 0, z: 0}
--- !u!1 &371678931488020417
GameObject:
  m_ObjectHideFlags: 0
  m_CorrespondingSourceObject: {fileID: 0}
  m_PrefabInstance: {fileID: 0}
  m_PrefabAsset: {fileID: 0}
  serializedVersion: 6
  m_Component:
  - component: {fileID: 371678931487591329}
  m_Layer: 0
  m_Name: Pelvis
  m_TagString: Untagged
  m_Icon: {fileID: 0}
  m_NavMeshLayer: 0
  m_StaticEditorFlags: 0
  m_IsActive: 1
--- !u!4 &371678931487591329
Transform:
  m_ObjectHideFlags: 0
  m_CorrespondingSourceObject: {fileID: 0}
  m_PrefabInstance: {fileID: 0}
  m_PrefabAsset: {fileID: 0}
  m_GameObject: {fileID: 371678931488020417}
  m_LocalRotation: {x: 0, y: -0, z: -0.07374141, w: 0.99727744}
  m_LocalPosition: {x: 0.057892613, y: -0.03679942, z: -1.4210854e-16}
  m_LocalScale: {x: 1, y: 1, z: 1}
  m_Children:
  - {fileID: 371678931487591305}
  - {fileID: 371678931487591351}
  m_Father: {fileID: 371678931487591379}
  m_RootOrder: 0
  m_LocalEulerAnglesHint: {x: 0, y: 0, z: 0}
--- !u!1 &371678931488020419
GameObject:
  m_ObjectHideFlags: 0
  m_CorrespondingSourceObject: {fileID: 0}
  m_PrefabInstance: {fileID: 0}
  m_PrefabAsset: {fileID: 0}
  serializedVersion: 6
  m_Component:
  - component: {fileID: 371678931487591331}
  m_Layer: 0
  m_Name: Neck
  m_TagString: Untagged
  m_Icon: {fileID: 0}
  m_NavMeshLayer: 0
  m_StaticEditorFlags: 0
  m_IsActive: 1
--- !u!4 &371678931487591331
Transform:
  m_ObjectHideFlags: 0
  m_CorrespondingSourceObject: {fileID: 0}
  m_PrefabInstance: {fileID: 0}
  m_PrefabAsset: {fileID: 0}
  m_GameObject: {fileID: 371678931488020419}
  m_LocalRotation: {x: -0.000003151361, y: 0.00003571865, z: 0.012581525, w: 0.99992085}
  m_LocalPosition: {x: -0.13408554, y: -0.000000019073486, z: -4.6566128e-12}
  m_LocalScale: {x: 1.0000001, y: 1.0000001, z: 1}
  m_Children:
  - {fileID: 371678931487591307}
  m_Father: {fileID: 371678931487591365}
  m_RootOrder: 2
  m_LocalEulerAnglesHint: {x: 0, y: 0, z: 0}
--- !u!1 &371678931488020421
GameObject:
  m_ObjectHideFlags: 0
  m_CorrespondingSourceObject: {fileID: 0}
  m_PrefabInstance: {fileID: 0}
  m_PrefabAsset: {fileID: 0}
  serializedVersion: 6
  m_Component:
  - component: {fileID: 371678931487591333}
  m_Layer: 0
  m_Name: Knee_R
  m_TagString: Untagged
  m_Icon: {fileID: 0}
  m_NavMeshLayer: 0
  m_StaticEditorFlags: 0
  m_IsActive: 1
--- !u!4 &371678931487591333
Transform:
  m_ObjectHideFlags: 0
  m_CorrespondingSourceObject: {fileID: 0}
  m_PrefabInstance: {fileID: 0}
  m_PrefabAsset: {fileID: 0}
  m_GameObject: {fileID: 371678931488020421}
  m_LocalRotation: {x: 0, y: 0, z: 0.32988012, w: 0.9440229}
  m_LocalPosition: {x: -0.38765585, y: 0, z: 0}
  m_LocalScale: {x: 0.99999994, y: 1, z: 1}
  m_Children:
  - {fileID: 371678931487591317}
  m_Father: {fileID: 371678931487591351}
  m_RootOrder: 0
  m_LocalEulerAnglesHint: {x: 0, y: 0, z: 0}
--- !u!1 &371678931488020423
GameObject:
  m_ObjectHideFlags: 0
  m_CorrespondingSourceObject: {fileID: 0}
  m_PrefabInstance: {fileID: 0}
  m_PrefabAsset: {fileID: 0}
  serializedVersion: 6
  m_Component:
  - component: {fileID: 371678931487591335}
  m_Layer: 0
  m_Name: Knee_L
  m_TagString: Untagged
  m_Icon: {fileID: 0}
  m_NavMeshLayer: 0
  m_StaticEditorFlags: 0
  m_IsActive: 1
--- !u!4 &371678931487591335
Transform:
  m_ObjectHideFlags: 0
  m_CorrespondingSourceObject: {fileID: 0}
  m_PrefabInstance: {fileID: 0}
  m_PrefabAsset: {fileID: 0}
  m_GameObject: {fileID: 371678931488020423}
  m_LocalRotation: {x: 0, y: 0, z: 0.32988012, w: 0.9440229}
  m_LocalPosition: {x: 0.3876558, y: -0.000000038146972, z: 0}
  m_LocalScale: {x: 0.9999998, y: 1, z: 0.9999999}
  m_Children:
  - {fileID: 371678931487591319}
  m_Father: {fileID: 371678931487591305}
  m_RootOrder: 0
  m_LocalEulerAnglesHint: {x: 0, y: 0, z: 0}
--- !u!1 &371678931488020425
GameObject:
  m_ObjectHideFlags: 0
  m_CorrespondingSourceObject: {fileID: 0}
  m_PrefabInstance: {fileID: 0}
  m_PrefabAsset: {fileID: 0}
  serializedVersion: 6
  m_Component:
  - component: {fileID: 371678931487591337}
  m_Layer: 0
  m_Name: PinkyFinger2_R
  m_TagString: Untagged
  m_Icon: {fileID: 0}
  m_NavMeshLayer: 0
  m_StaticEditorFlags: 0
  m_IsActive: 1
--- !u!4 &371678931487591337
Transform:
  m_ObjectHideFlags: 0
  m_CorrespondingSourceObject: {fileID: 0}
  m_PrefabInstance: {fileID: 0}
  m_PrefabAsset: {fileID: 0}
  m_GameObject: {fileID: 371678931488020425}
  m_LocalRotation: {x: 0.15322018, y: -0.35807332, z: 0.04283006, w: 0.92003953}
  m_LocalPosition: {x: -0.09777363, y: 0, z: 0}
  m_LocalScale: {x: 1, y: 0.99999994, z: 1}
  m_Children:
  - {fileID: 371678931487591381}
  m_Father: {fileID: 371678931487591341}
  m_RootOrder: 0
  m_LocalEulerAnglesHint: {x: 0, y: 0, z: 0}
--- !u!1 &371678931488020427
GameObject:
  m_ObjectHideFlags: 0
  m_CorrespondingSourceObject: {fileID: 0}
  m_PrefabInstance: {fileID: 0}
  m_PrefabAsset: {fileID: 0}
  serializedVersion: 6
  m_Component:
  - component: {fileID: 371678931487591339}
  m_Layer: 0
  m_Name: PinkyFinger2_L
  m_TagString: Untagged
  m_Icon: {fileID: 0}
  m_NavMeshLayer: 0
  m_StaticEditorFlags: 0
  m_IsActive: 1
--- !u!4 &371678931487591339
Transform:
  m_ObjectHideFlags: 0
  m_CorrespondingSourceObject: {fileID: 0}
  m_PrefabInstance: {fileID: 0}
  m_PrefabAsset: {fileID: 0}
  m_GameObject: {fileID: 371678931488020427}
  m_LocalRotation: {x: 0.15322018, y: -0.35807332, z: 0.04283006, w: 0.92003953}
  m_LocalPosition: {x: 0.09777366, y: 0, z: 0.000000038146972}
  m_LocalScale: {x: 0.9999998, y: 1, z: 1}
  m_Children:
  - {fileID: 371678931487591383}
  m_Father: {fileID: 371678931487591343}
  m_RootOrder: 0
  m_LocalEulerAnglesHint: {x: 0, y: 0, z: 0}
--- !u!1 &371678931488020429
GameObject:
  m_ObjectHideFlags: 0
  m_CorrespondingSourceObject: {fileID: 0}
  m_PrefabInstance: {fileID: 0}
  m_PrefabAsset: {fileID: 0}
  serializedVersion: 6
  m_Component:
  - component: {fileID: 371678931487591341}
  m_Layer: 0
  m_Name: PinkyFinger1_R
  m_TagString: Untagged
  m_Icon: {fileID: 0}
  m_NavMeshLayer: 0
  m_StaticEditorFlags: 0
  m_IsActive: 1
--- !u!4 &371678931487591341
Transform:
  m_ObjectHideFlags: 0
  m_CorrespondingSourceObject: {fileID: 0}
  m_PrefabInstance: {fileID: 0}
  m_PrefabAsset: {fileID: 0}
  m_GameObject: {fileID: 371678931488020429}
  m_LocalRotation: {x: -0.20441863, y: 0.51444536, z: 0.08226344, w: 0.828729}
  m_LocalPosition: {x: -0.04397165, y: 0.04850025, z: 0.15002117}
  m_LocalScale: {x: 1, y: 1.0000001, z: 0.99999994}
  m_Children:
  - {fileID: 371678931487591337}
  m_Father: {fileID: 371678931487591409}
  m_RootOrder: 1
  m_LocalEulerAnglesHint: {x: 0, y: 0, z: 0}
--- !u!1 &371678931488020431
GameObject:
  m_ObjectHideFlags: 0
  m_CorrespondingSourceObject: {fileID: 0}
  m_PrefabInstance: {fileID: 0}
  m_PrefabAsset: {fileID: 0}
  serializedVersion: 6
  m_Component:
  - component: {fileID: 371678931487591343}
  m_Layer: 0
  m_Name: PinkyFinger1_L
  m_TagString: Untagged
  m_Icon: {fileID: 0}
  m_NavMeshLayer: 0
  m_StaticEditorFlags: 0
  m_IsActive: 1
--- !u!4 &371678931487591343
Transform:
  m_ObjectHideFlags: 0
  m_CorrespondingSourceObject: {fileID: 0}
  m_PrefabInstance: {fileID: 0}
  m_PrefabAsset: {fileID: 0}
  m_GameObject: {fileID: 371678931488020431}
  m_LocalRotation: {x: -0.20441863, y: 0.51444536, z: 0.08226344, w: 0.828729}
  m_LocalPosition: {x: 0.043971673, y: -0.048500136, z: -0.15002114}
  m_LocalScale: {x: 1, y: 1.0000001, z: 1.0000001}
  m_Children:
  - {fileID: 371678931487591339}
  m_Father: {fileID: 371678931487591411}
  m_RootOrder: 1
  m_LocalEulerAnglesHint: {x: 0, y: 0, z: 0}
--- !u!1 &371678931488020433
GameObject:
  m_ObjectHideFlags: 0
  m_CorrespondingSourceObject: {fileID: 0}
  m_PrefabInstance: {fileID: 0}
  m_PrefabAsset: {fileID: 0}
  serializedVersion: 6
  m_Component:
  - component: {fileID: 371678931487591345}
  m_Layer: 0
  m_Name: IndexFinger2_L
  m_TagString: Untagged
  m_Icon: {fileID: 0}
  m_NavMeshLayer: 0
  m_StaticEditorFlags: 0
  m_IsActive: 1
--- !u!4 &371678931487591345
Transform:
  m_ObjectHideFlags: 0
  m_CorrespondingSourceObject: {fileID: 0}
  m_PrefabInstance: {fileID: 0}
  m_PrefabAsset: {fileID: 0}
  m_GameObject: {fileID: 371678931488020433}
  m_LocalRotation: {x: 0.39101735, y: -0.3627706, z: -0.05188144, w: 0.84428155}
  m_LocalPosition: {x: 0.0990159, y: -0.000000038146972, z: 0}
  m_LocalScale: {x: 1, y: 0.9999999, z: 0.99999994}
  m_Children:
  - {fileID: 371678931487591357}
  m_Father: {fileID: 371678931487591349}
  m_RootOrder: 0
  m_LocalEulerAnglesHint: {x: 0, y: 0, z: 0}
--- !u!1 &371678931488020435
GameObject:
  m_ObjectHideFlags: 0
  m_CorrespondingSourceObject: {fileID: 0}
  m_PrefabInstance: {fileID: 0}
  m_PrefabAsset: {fileID: 0}
  serializedVersion: 6
  m_Component:
  - component: {fileID: 371678931487591347}
  m_Layer: 0
  m_Name: IndexFinger1_R
  m_TagString: Untagged
  m_Icon: {fileID: 0}
  m_NavMeshLayer: 0
  m_StaticEditorFlags: 0
  m_IsActive: 1
--- !u!4 &371678931487591347
Transform:
  m_ObjectHideFlags: 0
  m_CorrespondingSourceObject: {fileID: 0}
  m_PrefabInstance: {fileID: 0}
  m_PrefabAsset: {fileID: 0}
  m_GameObject: {fileID: 371678931488020435}
  m_LocalRotation: {x: -0.64053863, y: 0.42648837, z: 0.075480886, w: 0.63412976}
  m_LocalPosition: {x: -0.09462868, y: 0.11566913, z: 0.08018154}
  m_LocalScale: {x: 1, y: 1.0000001, z: 1.0000001}
  m_Children:
  - {fileID: 371678931487591359}
  m_Father: {fileID: 371678931487591409}
  m_RootOrder: 0
  m_LocalEulerAnglesHint: {x: 0, y: 0, z: 0}
--- !u!1 &371678931488020437
GameObject:
  m_ObjectHideFlags: 0
  m_CorrespondingSourceObject: {fileID: 0}
  m_PrefabInstance: {fileID: 0}
  m_PrefabAsset: {fileID: 0}
  serializedVersion: 6
  m_Component:
  - component: {fileID: 371678931487591349}
  m_Layer: 0
  m_Name: IndexFinger1_L
  m_TagString: Untagged
  m_Icon: {fileID: 0}
  m_NavMeshLayer: 0
  m_StaticEditorFlags: 0
  m_IsActive: 1
--- !u!4 &371678931487591349
Transform:
  m_ObjectHideFlags: 0
  m_CorrespondingSourceObject: {fileID: 0}
  m_PrefabInstance: {fileID: 0}
  m_PrefabAsset: {fileID: 0}
  m_GameObject: {fileID: 371678931488020437}
  m_LocalRotation: {x: -0.64053863, y: 0.42648837, z: 0.075480886, w: 0.63412976}
  m_LocalPosition: {x: 0.09462868, y: -0.115669094, z: -0.0801815}
  m_LocalScale: {x: 1, y: 1, z: 0.9999999}
  m_Children:
  - {fileID: 371678931487591345}
  m_Father: {fileID: 371678931487591411}
  m_RootOrder: 0
  m_LocalEulerAnglesHint: {x: 0, y: 0, z: 0}
--- !u!1 &371678931488020439
GameObject:
  m_ObjectHideFlags: 0
  m_CorrespondingSourceObject: {fileID: 0}
  m_PrefabInstance: {fileID: 0}
  m_PrefabAsset: {fileID: 0}
  serializedVersion: 6
  m_Component:
  - component: {fileID: 371678931487591351}
  m_Layer: 0
  m_Name: Hip_R
  m_TagString: Untagged
  m_Icon: {fileID: 0}
  m_NavMeshLayer: 0
  m_StaticEditorFlags: 0
  m_IsActive: 1
--- !u!4 &371678931487591351
Transform:
  m_ObjectHideFlags: 0
  m_CorrespondingSourceObject: {fileID: 0}
  m_PrefabInstance: {fileID: 0}
  m_PrefabAsset: {fileID: 0}
  m_GameObject: {fileID: 371678931488020439}
  m_LocalRotation: {x: -0.1652802, y: 0.91451615, z: -0.33465457, w: -0.15604198}
  m_LocalPosition: {x: 0.025499877, y: 0.015379791, z: -0.13902344}
  m_LocalScale: {x: 1, y: 1, z: 0.99999994}
  m_Children:
  - {fileID: 371678931487591333}
  m_Father: {fileID: 371678931487591329}
  m_RootOrder: 1
  m_LocalEulerAnglesHint: {x: 0, y: 0, z: 0}
--- !u!1 &371678931488020441
GameObject:
  m_ObjectHideFlags: 0
  m_CorrespondingSourceObject: {fileID: 0}
  m_PrefabInstance: {fileID: 0}
  m_PrefabAsset: {fileID: 0}
  serializedVersion: 6
  m_Component:
  - component: {fileID: 371678931487591353}
  m_Layer: 0
  m_Name: Jaw
  m_TagString: Untagged
  m_Icon: {fileID: 0}
  m_NavMeshLayer: 0
  m_StaticEditorFlags: 0
  m_IsActive: 1
--- !u!4 &371678931487591353
Transform:
  m_ObjectHideFlags: 0
  m_CorrespondingSourceObject: {fileID: 0}
  m_PrefabInstance: {fileID: 0}
  m_PrefabAsset: {fileID: 0}
  m_GameObject: {fileID: 371678931488020441}
  m_LocalRotation: {x: 0, y: 0, z: 0.9400052, w: -0.34116012}
  m_LocalPosition: {x: 0.17539784, y: 0.010041727, z: 0}
  m_LocalScale: {x: 1.0000001, y: 1.0000001, z: 1}
  m_Children: []
  m_Father: {fileID: 371678931487591307}
  m_RootOrder: 2
  m_LocalEulerAnglesHint: {x: 0, y: 0, z: 0}
--- !u!1 &371678931488020443
GameObject:
  m_ObjectHideFlags: 0
  m_CorrespondingSourceObject: {fileID: 0}
  m_PrefabInstance: {fileID: 0}
  m_PrefabAsset: {fileID: 0}
  serializedVersion: 6
  m_Component:
  - component: {fileID: 371678931487591355}
  m_Layer: 0
  m_Name: IndexFinger3_R
  m_TagString: Untagged
  m_Icon: {fileID: 0}
  m_NavMeshLayer: 0
  m_StaticEditorFlags: 0
  m_IsActive: 1
--- !u!4 &371678931487591355
Transform:
  m_ObjectHideFlags: 0
  m_CorrespondingSourceObject: {fileID: 0}
  m_PrefabInstance: {fileID: 0}
  m_PrefabAsset: {fileID: 0}
  m_GameObject: {fileID: 371678931488020443}
  m_LocalRotation: {x: 0.20719694, y: -0.19570927, z: 0.1140279, w: 0.9517169}
  m_LocalPosition: {x: -0.056162946, y: 0, z: -0.000000038146972}
  m_LocalScale: {x: 0.99999994, y: 1.0000001, z: 1}
  m_Children: []
  m_Father: {fileID: 371678931487591359}
  m_RootOrder: 0
  m_LocalEulerAnglesHint: {x: 0, y: 0, z: 0}
--- !u!1 &371678931488020445
GameObject:
  m_ObjectHideFlags: 0
  m_CorrespondingSourceObject: {fileID: 0}
  m_PrefabInstance: {fileID: 0}
  m_PrefabAsset: {fileID: 0}
  serializedVersion: 6
  m_Component:
  - component: {fileID: 371678931487591357}
  m_Layer: 0
  m_Name: IndexFinger3_L
  m_TagString: Untagged
  m_Icon: {fileID: 0}
  m_NavMeshLayer: 0
  m_StaticEditorFlags: 0
  m_IsActive: 1
--- !u!4 &371678931487591357
Transform:
  m_ObjectHideFlags: 0
  m_CorrespondingSourceObject: {fileID: 0}
  m_PrefabInstance: {fileID: 0}
  m_PrefabAsset: {fileID: 0}
  m_GameObject: {fileID: 371678931488020445}
  m_LocalRotation: {x: 0.20719694, y: -0.19570927, z: 0.1140279, w: 0.9517169}
  m_LocalPosition: {x: 0.056162987, y: -0.000000076293944, z: 0}
  m_LocalScale: {x: 0.99999994, y: 0.99999994, z: 1.0000001}
  m_Children: []
  m_Father: {fileID: 371678931487591345}
  m_RootOrder: 0
  m_LocalEulerAnglesHint: {x: 0, y: 0, z: 0}
--- !u!1 &371678931488020447
GameObject:
  m_ObjectHideFlags: 0
  m_CorrespondingSourceObject: {fileID: 0}
  m_PrefabInstance: {fileID: 0}
  m_PrefabAsset: {fileID: 0}
  serializedVersion: 6
  m_Component:
  - component: {fileID: 371678931487591359}
  m_Layer: 0
  m_Name: IndexFinger2_R
  m_TagString: Untagged
  m_Icon: {fileID: 0}
  m_NavMeshLayer: 0
  m_StaticEditorFlags: 0
  m_IsActive: 1
--- !u!4 &371678931487591359
Transform:
  m_ObjectHideFlags: 0
  m_CorrespondingSourceObject: {fileID: 0}
  m_PrefabInstance: {fileID: 0}
  m_PrefabAsset: {fileID: 0}
  m_GameObject: {fileID: 371678931488020447}
  m_LocalRotation: {x: 0.39101735, y: -0.3627706, z: -0.05188144, w: 0.84428155}
  m_LocalPosition: {x: -0.09901596, y: 0, z: 0}
  m_LocalScale: {x: 1, y: 1, z: 0.99999994}
  m_Children:
  - {fileID: 371678931487591355}
  m_Father: {fileID: 371678931487591347}
  m_RootOrder: 0
  m_LocalEulerAnglesHint: {x: 0, y: 0, z: 0}
--- !u!1 &371678931488020449
GameObject:
  m_ObjectHideFlags: 0
  m_CorrespondingSourceObject: {fileID: 0}
  m_PrefabInstance: {fileID: 0}
  m_PrefabAsset: {fileID: 0}
  serializedVersion: 6
  m_Component:
  - component: {fileID: 371678931487591361}
  m_Layer: 0
  m_Name: ThumbFinger1_R
  m_TagString: Untagged
  m_Icon: {fileID: 0}
  m_NavMeshLayer: 0
  m_StaticEditorFlags: 0
  m_IsActive: 1
--- !u!4 &371678931487591361
Transform:
  m_ObjectHideFlags: 0
  m_CorrespondingSourceObject: {fileID: 0}
  m_PrefabInstance: {fileID: 0}
  m_PrefabAsset: {fileID: 0}
  m_GameObject: {fileID: 371678931488020449}
  m_LocalRotation: {x: 0.95750624, y: -0.067706384, z: -0.18713713, w: 0.20875207}
  m_LocalPosition: {x: -0.12571298, y: -0.000000038146972, z: 0.000000114440915}
  m_LocalScale: {x: 1.0000001, y: 1, z: 1.0000001}
  m_Children:
  - {fileID: 371678931487591373}
  m_Father: {fileID: 371678931487591409}
  m_RootOrder: 2
  m_LocalEulerAnglesHint: {x: 0, y: 0, z: 0}
--- !u!1 &371678931488020451
GameObject:
  m_ObjectHideFlags: 0
  m_CorrespondingSourceObject: {fileID: 0}
  m_PrefabInstance: {fileID: 0}
  m_PrefabAsset: {fileID: 0}
  serializedVersion: 6
  m_Component:
  - component: {fileID: 371678931487591363}
  m_Layer: 0
  m_Name: ThumbFinger1_L
  m_TagString: Untagged
  m_Icon: {fileID: 0}
  m_NavMeshLayer: 0
  m_StaticEditorFlags: 0
  m_IsActive: 1
--- !u!4 &371678931487591363
Transform:
  m_ObjectHideFlags: 0
  m_CorrespondingSourceObject: {fileID: 0}
  m_PrefabInstance: {fileID: 0}
  m_PrefabAsset: {fileID: 0}
  m_GameObject: {fileID: 371678931488020451}
  m_LocalRotation: {x: 0.95750624, y: -0.067706384, z: -0.18713713, w: 0.20875207}
  m_LocalPosition: {x: 0.12571296, y: 0, z: 0}
  m_LocalScale: {x: 1, y: 1.0000001, z: 1.0000001}
  m_Children:
  - {fileID: 371678931487591375}
  m_Father: {fileID: 371678931487591411}
  m_RootOrder: 2
  m_LocalEulerAnglesHint: {x: 0, y: 0, z: 0}
--- !u!1 &371678931488020453
GameObject:
  m_ObjectHideFlags: 0
  m_CorrespondingSourceObject: {fileID: 0}
  m_PrefabInstance: {fileID: 0}
  m_PrefabAsset: {fileID: 0}
  serializedVersion: 6
  m_Component:
  - component: {fileID: 371678931487591365}
  m_Layer: 0
  m_Name: Spine03
  m_TagString: Untagged
  m_Icon: {fileID: 0}
  m_NavMeshLayer: 0
  m_StaticEditorFlags: 0
  m_IsActive: 1
--- !u!4 &371678931487591365
Transform:
  m_ObjectHideFlags: 0
  m_CorrespondingSourceObject: {fileID: 0}
  m_PrefabInstance: {fileID: 0}
  m_PrefabAsset: {fileID: 0}
  m_GameObject: {fileID: 371678931488020453}
  m_LocalRotation: {x: 0, y: -0, z: -0.1288019, w: 0.99167037}
  m_LocalPosition: {x: -0.07554962, y: 0.000000009536743, z: 2.3283064e-12}
  m_LocalScale: {x: 0.99999994, y: 0.99999994, z: 1}
  m_Children:
  - {fileID: 371678931487591315}
  - {fileID: 371678931487591313}
  - {fileID: 371678931487591331}
  m_Father: {fileID: 371678931487591367}
  m_RootOrder: 0
  m_LocalEulerAnglesHint: {x: 0, y: 0, z: 0}
--- !u!1 &371678931488020455
GameObject:
  m_ObjectHideFlags: 0
  m_CorrespondingSourceObject: {fileID: 0}
  m_PrefabInstance: {fileID: 0}
  m_PrefabAsset: {fileID: 0}
  serializedVersion: 6
  m_Component:
  - component: {fileID: 371678931487591367}
  m_Layer: 0
  m_Name: Spine02
  m_TagString: Untagged
  m_Icon: {fileID: 0}
  m_NavMeshLayer: 0
  m_StaticEditorFlags: 0
  m_IsActive: 1
--- !u!4 &371678931487591367
Transform:
  m_ObjectHideFlags: 0
  m_CorrespondingSourceObject: {fileID: 0}
  m_PrefabInstance: {fileID: 0}
  m_PrefabAsset: {fileID: 0}
  m_GameObject: {fileID: 371678931488020455}
  m_LocalRotation: {x: -0.0000027469503, y: 0.0000143301895, z: 0.074175335, w: 0.99724525}
  m_LocalPosition: {x: -0.12722328, y: 0.000000009536743, z: -1.1641532e-12}
  m_LocalScale: {x: 0.9999999, y: 0.9999999, z: 1}
  m_Children:
  - {fileID: 371678931487591365}
  m_Father: {fileID: 371678931487591385}
  m_RootOrder: 0
  m_LocalEulerAnglesHint: {x: 0, y: 0, z: 0}
--- !u!1 &371678931488020457
GameObject:
  m_ObjectHideFlags: 0
  m_CorrespondingSourceObject: {fileID: 0}
  m_PrefabInstance: {fileID: 0}
  m_PrefabAsset: {fileID: 0}
  serializedVersion: 6
  m_Component:
  - component: {fileID: 371678931487591369}
  m_Layer: 0
  m_Name: ThumbFinger3_R
  m_TagString: Untagged
  m_Icon: {fileID: 0}
  m_NavMeshLayer: 0
  m_StaticEditorFlags: 0
  m_IsActive: 1
--- !u!4 &371678931487591369
Transform:
  m_ObjectHideFlags: 0
  m_CorrespondingSourceObject: {fileID: 0}
  m_PrefabInstance: {fileID: 0}
  m_PrefabAsset: {fileID: 0}
  m_GameObject: {fileID: 371678931488020457}
  m_LocalRotation: {x: 0.061178323, y: -0.068546675, z: 0.28439534, w: 0.95429444}
  m_LocalPosition: {x: -0.06232763, y: 0, z: 0.000000038146972}
  m_LocalScale: {x: 1, y: 1, z: 0.9999999}
  m_Children: []
  m_Father: {fileID: 371678931487591373}
  m_RootOrder: 0
  m_LocalEulerAnglesHint: {x: 0, y: 0, z: 0}
--- !u!1 &371678931488020459
GameObject:
  m_ObjectHideFlags: 0
  m_CorrespondingSourceObject: {fileID: 0}
  m_PrefabInstance: {fileID: 0}
  m_PrefabAsset: {fileID: 0}
  serializedVersion: 6
  m_Component:
  - component: {fileID: 371678931487591371}
  m_Layer: 0
  m_Name: ThumbFinger3_L
  m_TagString: Untagged
  m_Icon: {fileID: 0}
  m_NavMeshLayer: 0
  m_StaticEditorFlags: 0
  m_IsActive: 1
--- !u!4 &371678931487591371
Transform:
  m_ObjectHideFlags: 0
  m_CorrespondingSourceObject: {fileID: 0}
  m_PrefabInstance: {fileID: 0}
  m_PrefabAsset: {fileID: 0}
  m_GameObject: {fileID: 371678931488020459}
  m_LocalRotation: {x: 0.061178323, y: -0.068546675, z: 0.28439534, w: 0.95429444}
  m_LocalPosition: {x: 0.06232763, y: 0.000000076293944, z: 0}
  m_LocalScale: {x: 1, y: 1.0000001, z: 0.9999999}
  m_Children: []
  m_Father: {fileID: 371678931487591375}
  m_RootOrder: 0
  m_LocalEulerAnglesHint: {x: 0, y: 0, z: 0}
--- !u!1 &371678931488020461
GameObject:
  m_ObjectHideFlags: 0
  m_CorrespondingSourceObject: {fileID: 0}
  m_PrefabInstance: {fileID: 0}
  m_PrefabAsset: {fileID: 0}
  serializedVersion: 6
  m_Component:
  - component: {fileID: 371678931487591373}
  m_Layer: 0
  m_Name: ThumbFinger2_R
  m_TagString: Untagged
  m_Icon: {fileID: 0}
  m_NavMeshLayer: 0
  m_StaticEditorFlags: 0
  m_IsActive: 1
--- !u!4 &371678931487591373
Transform:
  m_ObjectHideFlags: 0
  m_CorrespondingSourceObject: {fileID: 0}
  m_PrefabInstance: {fileID: 0}
  m_PrefabAsset: {fileID: 0}
  m_GameObject: {fileID: 371678931488020461}
  m_LocalRotation: {x: 0.19139946, y: -0.1336599, z: -0.05549502, w: 0.970784}
  m_LocalPosition: {x: -0.07646868, y: 0, z: -0.000000038146972}
  m_LocalScale: {x: 1.0000001, y: 0.99999994, z: 1}
  m_Children:
  - {fileID: 371678931487591369}
  m_Father: {fileID: 371678931487591361}
  m_RootOrder: 0
  m_LocalEulerAnglesHint: {x: 0, y: 0, z: 0}
--- !u!1 &371678931488020463
GameObject:
  m_ObjectHideFlags: 0
  m_CorrespondingSourceObject: {fileID: 0}
  m_PrefabInstance: {fileID: 0}
  m_PrefabAsset: {fileID: 0}
  serializedVersion: 6
  m_Component:
  - component: {fileID: 371678931487591375}
  m_Layer: 0
  m_Name: ThumbFinger2_L
  m_TagString: Untagged
  m_Icon: {fileID: 0}
  m_NavMeshLayer: 0
  m_StaticEditorFlags: 0
  m_IsActive: 1
--- !u!4 &371678931487591375
Transform:
  m_ObjectHideFlags: 0
  m_CorrespondingSourceObject: {fileID: 0}
  m_PrefabInstance: {fileID: 0}
  m_PrefabAsset: {fileID: 0}
  m_GameObject: {fileID: 371678931488020463}
  m_LocalRotation: {x: 0.19139946, y: -0.1336599, z: -0.05549502, w: 0.970784}
  m_LocalPosition: {x: 0.07646869, y: 0, z: 0.000000057220458}
  m_LocalScale: {x: 1, y: 0.99999994, z: 1.0000001}
  m_Children:
  - {fileID: 371678931487591371}
  m_Father: {fileID: 371678931487591363}
  m_RootOrder: 0
  m_LocalEulerAnglesHint: {x: 0, y: 0, z: 0}
--- !u!1 &371678931488020465
GameObject:
  m_ObjectHideFlags: 0
  m_CorrespondingSourceObject: {fileID: 0}
  m_PrefabInstance: {fileID: 0}
  m_PrefabAsset: {fileID: 0}
  serializedVersion: 6
  m_Component:
  - component: {fileID: 371678931487591377}
  m_Layer: 0
  m_Name: Shoulder_L
  m_TagString: Untagged
  m_Icon: {fileID: 0}
  m_NavMeshLayer: 0
  m_StaticEditorFlags: 0
  m_IsActive: 1
--- !u!4 &371678931487591377
Transform:
  m_ObjectHideFlags: 0
  m_CorrespondingSourceObject: {fileID: 0}
  m_PrefabInstance: {fileID: 0}
  m_PrefabAsset: {fileID: 0}
  m_GameObject: {fileID: 371678931488020465}
  m_LocalRotation: {x: 0.19326279, y: -0.23253807, z: 0.6092528, w: 0.7330666}
  m_LocalPosition: {x: 0.11748686, y: 0, z: 0.000000019073486}
  m_LocalScale: {x: 1, y: 1, z: 1.0000002}
  m_Children:
  - {fileID: 371678931487591327}
  - {fileID: 371678931487591389}
  m_Father: {fileID: 371678931487591315}
  m_RootOrder: 0
  m_LocalEulerAnglesHint: {x: 0, y: 0, z: 0}
--- !u!1 &371678931488020467
GameObject:
  m_ObjectHideFlags: 0
  m_CorrespondingSourceObject: {fileID: 0}
  m_PrefabInstance: {fileID: 0}
  m_PrefabAsset: {fileID: 0}
  serializedVersion: 6
  m_Component:
  - component: {fileID: 371678931487591379}
  m_Layer: 0
  m_Name: Root
  m_TagString: Untagged
  m_Icon: {fileID: 0}
  m_NavMeshLayer: 0
  m_StaticEditorFlags: 0
  m_IsActive: 1
--- !u!4 &371678931487591379
Transform:
  m_ObjectHideFlags: 0
  m_CorrespondingSourceObject: {fileID: 0}
  m_PrefabInstance: {fileID: 0}
  m_PrefabAsset: {fileID: 0}
  m_GameObject: {fileID: 371678931488020467}
  m_LocalRotation: {x: 0.438341, y: -0.5548763, z: -0.43830603, w: 0.55484885}
  m_LocalPosition: {x: -0.0000061070646, y: 0.95106024, z: -0.09616867}
  m_LocalScale: {x: 1, y: 1, z: 1}
  m_Children:
  - {fileID: 371678931487591329}
  - {fileID: 371678931487591385}
  m_Father: {fileID: 371678931487591321}
  m_RootOrder: 1
  m_LocalEulerAnglesHint: {x: 0, y: 0, z: 0}
--- !u!1 &371678931488020469
GameObject:
  m_ObjectHideFlags: 0
  m_CorrespondingSourceObject: {fileID: 0}
  m_PrefabInstance: {fileID: 0}
  m_PrefabAsset: {fileID: 0}
  serializedVersion: 6
  m_Component:
  - component: {fileID: 371678931487591381}
  m_Layer: 0
  m_Name: PinkyFinger3_R
  m_TagString: Untagged
  m_Icon: {fileID: 0}
  m_NavMeshLayer: 0
  m_StaticEditorFlags: 0
  m_IsActive: 1
--- !u!4 &371678931487591381
Transform:
  m_ObjectHideFlags: 0
  m_CorrespondingSourceObject: {fileID: 0}
  m_PrefabInstance: {fileID: 0}
  m_PrefabAsset: {fileID: 0}
  m_GameObject: {fileID: 371678931488020469}
  m_LocalRotation: {x: 0.019555315, y: -0.26400274, z: 0.20327412, w: 0.9426557}
  m_LocalPosition: {x: -0.07292701, y: -0.000000038146972, z: -0.000000038146972}
  m_LocalScale: {x: 1, y: 1, z: 0.99999994}
  m_Children: []
  m_Father: {fileID: 371678931487591337}
  m_RootOrder: 0
  m_LocalEulerAnglesHint: {x: 0, y: 0, z: 0}
--- !u!1 &371678931488020471
GameObject:
  m_ObjectHideFlags: 0
  m_CorrespondingSourceObject: {fileID: 0}
  m_PrefabInstance: {fileID: 0}
  m_PrefabAsset: {fileID: 0}
  serializedVersion: 6
  m_Component:
  - component: {fileID: 371678931487591383}
  m_Layer: 0
  m_Name: PinkyFinger3_L
  m_TagString: Untagged
  m_Icon: {fileID: 0}
  m_NavMeshLayer: 0
  m_StaticEditorFlags: 0
  m_IsActive: 1
--- !u!4 &371678931487591383
Transform:
  m_ObjectHideFlags: 0
  m_CorrespondingSourceObject: {fileID: 0}
  m_PrefabInstance: {fileID: 0}
  m_PrefabAsset: {fileID: 0}
  m_GameObject: {fileID: 371678931488020471}
  m_LocalRotation: {x: 0.019555315, y: -0.26400274, z: 0.20327412, w: 0.9426557}
  m_LocalPosition: {x: 0.07292694, y: 0, z: 0.000000038146972}
  m_LocalScale: {x: 0.99999994, y: 1, z: 1}
  m_Children: []
  m_Father: {fileID: 371678931487591339}
  m_RootOrder: 0
  m_LocalEulerAnglesHint: {x: 0, y: 0, z: 0}
--- !u!1 &371678931488020473
GameObject:
  m_ObjectHideFlags: 0
  m_CorrespondingSourceObject: {fileID: 0}
  m_PrefabInstance: {fileID: 0}
  m_PrefabAsset: {fileID: 0}
  serializedVersion: 6
  m_Component:
  - component: {fileID: 371678931487591385}
  m_Layer: 0
  m_Name: Spine01
  m_TagString: Untagged
  m_Icon: {fileID: 0}
  m_NavMeshLayer: 0
  m_StaticEditorFlags: 0
  m_IsActive: 1
--- !u!4 &371678931487591385
Transform:
  m_ObjectHideFlags: 0
  m_CorrespondingSourceObject: {fileID: 0}
  m_PrefabInstance: {fileID: 0}
  m_PrefabAsset: {fileID: 0}
  m_GameObject: {fileID: 371678931488020473}
  m_LocalRotation: {x: 0, y: -0, z: -0.11653919, w: 0.9931861}
  m_LocalPosition: {x: -0.09675688, y: 3.1974422e-16, z: -2.1316282e-16}
  m_LocalScale: {x: 1, y: 1, z: 1}
  m_Children:
  - {fileID: 371678931487591367}
  m_Father: {fileID: 371678931487591379}
  m_RootOrder: 1
  m_LocalEulerAnglesHint: {x: 0, y: 0, z: 0}
--- !u!1 &371678931488020475
GameObject:
  m_ObjectHideFlags: 0
  m_CorrespondingSourceObject: {fileID: 0}
  m_PrefabInstance: {fileID: 0}
  m_PrefabAsset: {fileID: 0}
  serializedVersion: 6
  m_Component:
  - component: {fileID: 371678931487591387}
  m_Layer: 0
  m_Name: ShoulderPad_R
  m_TagString: Untagged
  m_Icon: {fileID: 0}
  m_NavMeshLayer: 0
  m_StaticEditorFlags: 0
  m_IsActive: 1
--- !u!4 &371678931487591387
Transform:
  m_ObjectHideFlags: 0
  m_CorrespondingSourceObject: {fileID: 0}
  m_PrefabInstance: {fileID: 0}
  m_PrefabAsset: {fileID: 0}
  m_GameObject: {fileID: 371678931488020475}
  m_LocalRotation: {x: 0.49642983, y: -0.46186045, z: 0.73493135, w: -0.0108795175}
  m_LocalPosition: {x: 0.015011291, y: 0.08033218, z: -0.07154472}
  m_LocalScale: {x: 1, y: 1.0000002, z: 1.0000001}
  m_Children: []
  m_Father: {fileID: 371678931487591391}
  m_RootOrder: 1
  m_LocalEulerAnglesHint: {x: 0, y: 0, z: 0}
--- !u!1 &371678931488020477
GameObject:
  m_ObjectHideFlags: 0
  m_CorrespondingSourceObject: {fileID: 0}
  m_PrefabInstance: {fileID: 0}
  m_PrefabAsset: {fileID: 0}
  serializedVersion: 6
  m_Component:
  - component: {fileID: 371678931487591389}
  m_Layer: 0
  m_Name: ShoulderPad_L
  m_TagString: Untagged
  m_Icon: {fileID: 0}
  m_NavMeshLayer: 0
  m_StaticEditorFlags: 0
  m_IsActive: 1
--- !u!4 &371678931487591389
Transform:
  m_ObjectHideFlags: 0
  m_CorrespondingSourceObject: {fileID: 0}
  m_PrefabInstance: {fileID: 0}
  m_PrefabAsset: {fileID: 0}
  m_GameObject: {fileID: 371678931488020477}
  m_LocalRotation: {x: 0.49642983, y: -0.46186045, z: 0.73493135, w: -0.0108795175}
  m_LocalPosition: {x: -0.015011291, y: -0.08033211, z: 0.07154465}
  m_LocalScale: {x: 1, y: 1, z: 1.0000001}
  m_Children: []
  m_Father: {fileID: 371678931487591377}
  m_RootOrder: 1
  m_LocalEulerAnglesHint: {x: 0, y: 0, z: 0}
--- !u!1 &371678931488020479
GameObject:
  m_ObjectHideFlags: 0
  m_CorrespondingSourceObject: {fileID: 0}
  m_PrefabInstance: {fileID: 0}
  m_PrefabAsset: {fileID: 0}
  serializedVersion: 6
  m_Component:
  - component: {fileID: 371678931487591391}
  m_Layer: 0
  m_Name: Shoulder_R
  m_TagString: Untagged
  m_Icon: {fileID: 0}
  m_NavMeshLayer: 0
  m_StaticEditorFlags: 0
  m_IsActive: 1
--- !u!4 &371678931487591391
Transform:
  m_ObjectHideFlags: 0
  m_CorrespondingSourceObject: {fileID: 0}
  m_PrefabInstance: {fileID: 0}
  m_PrefabAsset: {fileID: 0}
  m_GameObject: {fileID: 371678931488020479}
  m_LocalRotation: {x: 0.19326279, y: -0.23253807, z: 0.6092528, w: 0.7330666}
  m_LocalPosition: {x: -0.117486835, y: 0, z: 0.000000019073486}
  m_LocalScale: {x: 1, y: 1, z: 1}
  m_Children:
  - {fileID: 371678931487591325}
  - {fileID: 371678931487591387}
  m_Father: {fileID: 371678931487591313}
  m_RootOrder: 0
  m_LocalEulerAnglesHint: {x: 0, y: 0, z: 0}
