%YAML 1.1
%TAG !u! tag:unity3d.com,2011:
--- !u!1 &8960161556334525
GameObject:
  m_ObjectHideFlags: 0
  m_CorrespondingSourceObject: {fileID: 0}
  m_PrefabInstance: {fileID: 0}
  m_PrefabAsset: {fileID: 0}
  serializedVersion: 6
  m_Component:
  - component: {fileID: 8964206027783161191}
  m_Layer: 0
  m_Name: Head
  m_TagString: Untagged
  m_Icon: {fileID: 0}
  m_NavMeshLayer: 0
  m_StaticEditorFlags: 0
  m_IsActive: 1
--- !u!4 &8964206027783161191
Transform:
  m_ObjectHideFlags: 0
  m_CorrespondingSourceObject: {fileID: 0}
  m_PrefabInstance: {fileID: 0}
  m_PrefabAsset: {fileID: 0}
  m_GameObject: {fileID: 8960161556334525}
  m_LocalRotation: {x: 0.0000000064267254, y: 0.0000000025651556, z: 0.37070107, w: 0.92875224}
  m_LocalPosition: {x: -0.23373973, y: 0.0000011932373, z: 0.00000005187989}
  m_LocalScale: {x: 1, y: 1, z: 1}
  m_Children:
  - {fileID: 1194743684618509976}
  - {fileID: 8138834839115680135}
  - {fileID: 8932299173061352446}
  m_Father: {fileID: 898420655812653369}
  m_RootOrder: 0
  m_LocalEulerAnglesHint: {x: 0, y: 0, z: 0}
--- !u!1 &82501120544432541
GameObject:
  m_ObjectHideFlags: 0
  m_CorrespondingSourceObject: {fileID: 0}
  m_PrefabInstance: {fileID: 0}
  m_PrefabAsset: {fileID: 0}
  serializedVersion: 6
  m_Component:
  - component: {fileID: 8138834839115680135}
  m_Layer: 0
  m_Name: Eye_R
  m_TagString: Untagged
  m_Icon: {fileID: 0}
  m_NavMeshLayer: 0
  m_StaticEditorFlags: 0
  m_IsActive: 1
--- !u!4 &8138834839115680135
Transform:
  m_ObjectHideFlags: 0
  m_CorrespondingSourceObject: {fileID: 0}
  m_PrefabInstance: {fileID: 0}
  m_PrefabAsset: {fileID: 0}
  m_GameObject: {fileID: 82501120544432541}
  m_LocalRotation: {x: -0.190548, y: -0.287433, z: -0.68408555, w: 0.6427291}
  m_LocalPosition: {x: -0.0041139144, y: 0.18230015, z: -0.060984492}
  m_LocalScale: {x: 1, y: 1, z: 1}
  m_Children: []
  m_Father: {fileID: 8964206027783161191}
  m_RootOrder: 1
  m_LocalEulerAnglesHint: {x: 0, y: 0, z: 0}
--- !u!1 &143351027836897101
GameObject:
  m_ObjectHideFlags: 0
  m_CorrespondingSourceObject: {fileID: 0}
  m_PrefabInstance: {fileID: 0}
  m_PrefabAsset: {fileID: 0}
  serializedVersion: 6
  m_Component:
  - component: {fileID: 4215257648514535810}
  m_Layer: 0
  m_Name: Index_R_02
  m_TagString: Untagged
  m_Icon: {fileID: 0}
  m_NavMeshLayer: 0
  m_StaticEditorFlags: 0
  m_IsActive: 1
--- !u!4 &4215257648514535810
Transform:
  m_ObjectHideFlags: 0
  m_CorrespondingSourceObject: {fileID: 0}
  m_PrefabInstance: {fileID: 0}
  m_PrefabAsset: {fileID: 0}
  m_GameObject: {fileID: 143351027836897101}
  m_LocalRotation: {x: -0.00008177753, y: -0.12705067, z: -0.0013765988, w: 0.9918953}
  m_LocalPosition: {x: -0.1191269, y: 0.0000000064849845, z: -0.00000007781975}
  m_LocalScale: {x: 1, y: 1, z: 1}
  m_Children:
  - {fileID: 3311148053269914064}
  m_Father: {fileID: 5964177174630115079}
  m_RootOrder: 0
  m_LocalEulerAnglesHint: {x: 0, y: 0, z: 0}
--- !u!1 &509519079938877640
GameObject:
  m_ObjectHideFlags: 0
  m_CorrespondingSourceObject: {fileID: 0}
  m_PrefabInstance: {fileID: 0}
  m_PrefabAsset: {fileID: 0}
  serializedVersion: 6
  m_Component:
  - component: {fileID: 5683638714010194403}
  m_Layer: 0
  m_Name: Middle_R_03
  m_TagString: Untagged
  m_Icon: {fileID: 0}
  m_NavMeshLayer: 0
  m_StaticEditorFlags: 0
  m_IsActive: 1
--- !u!4 &5683638714010194403
Transform:
  m_ObjectHideFlags: 0
  m_CorrespondingSourceObject: {fileID: 0}
  m_PrefabInstance: {fileID: 0}
  m_PrefabAsset: {fileID: 0}
  m_GameObject: {fileID: 509519079938877640}
  m_LocalRotation: {x: 0.0003812463, y: -0.31160071, z: -0.0003212392, w: 0.9502131}
  m_LocalPosition: {x: -0.06966758, y: -0.00000016212475, z: -0.00000056419333}
  m_LocalScale: {x: 1, y: 1, z: 1}
  m_Children: []
  m_Father: {fileID: 3389494316192170046}
  m_RootOrder: 0
  m_LocalEulerAnglesHint: {x: 0, y: 0, z: 0}
--- !u!1 &587448173224701041
GameObject:
  m_ObjectHideFlags: 0
  m_CorrespondingSourceObject: {fileID: 0}
  m_PrefabInstance: {fileID: 0}
  m_PrefabAsset: {fileID: 0}
  serializedVersion: 6
  m_Component:
  - component: {fileID: 7545399751314250329}
  m_Layer: 0
  m_Name: Tongue_01
  m_TagString: Untagged
  m_Icon: {fileID: 0}
  m_NavMeshLayer: 0
  m_StaticEditorFlags: 0
  m_IsActive: 1
--- !u!4 &7545399751314250329
Transform:
  m_ObjectHideFlags: 0
  m_CorrespondingSourceObject: {fileID: 0}
  m_PrefabInstance: {fileID: 0}
  m_PrefabAsset: {fileID: 0}
  m_GameObject: {fileID: 587448173224701041}
  m_LocalRotation: {x: 0.9056144, y: 0.42410216, z: -2.5968766e-17, w: -5.5452888e-17}
  m_LocalPosition: {x: -0.09991463, y: 0.043426387, z: 0}
  m_LocalScale: {x: 1, y: 1, z: 1}
  m_Children:
  - {fileID: 9061062718432679517}
  m_Father: {fileID: 8932299173061352446}
  m_RootOrder: 0
  m_LocalEulerAnglesHint: {x: 0, y: 0, z: 0}
--- !u!1 &610168767576710028
GameObject:
  m_ObjectHideFlags: 0
  m_CorrespondingSourceObject: {fileID: 0}
  m_PrefabInstance: {fileID: 0}
  m_PrefabAsset: {fileID: 0}
  serializedVersion: 6
  m_Component:
  - component: {fileID: 5608710833343766118}
  m_Layer: 0
  m_Name: Cloth_Back_L_01
  m_TagString: Untagged
  m_Icon: {fileID: 0}
  m_NavMeshLayer: 0
  m_StaticEditorFlags: 0
  m_IsActive: 1
--- !u!4 &5608710833343766118
Transform:
  m_ObjectHideFlags: 0
  m_CorrespondingSourceObject: {fileID: 0}
  m_PrefabInstance: {fileID: 0}
  m_PrefabAsset: {fileID: 0}
  m_GameObject: {fileID: 610168767576710028}
  m_LocalRotation: {x: 0.82622916, y: -0.22877038, z: 0.13852525, w: 0.49580276}
  m_LocalPosition: {x: -0.11045005, y: -0.07824728, z: 0.14663057}
  m_LocalScale: {x: 1, y: 1, z: 1}
  m_Children:
  - {fileID: 9073745323793674398}
  m_Father: {fileID: 5813104357185162347}
  m_RootOrder: 0
  m_LocalEulerAnglesHint: {x: 0, y: 0, z: 0}
--- !u!1 &659727336367267933
GameObject:
  m_ObjectHideFlags: 0
  m_CorrespondingSourceObject: {fileID: 0}
  m_PrefabInstance: {fileID: 0}
  m_PrefabAsset: {fileID: 0}
  serializedVersion: 6
  m_Component:
  - component: {fileID: 72177263696526256}
  m_Layer: 0
  m_Name: Thumb_L_04
  m_TagString: Untagged
  m_Icon: {fileID: 0}
  m_NavMeshLayer: 0
  m_StaticEditorFlags: 0
  m_IsActive: 1
--- !u!4 &72177263696526256
Transform:
  m_ObjectHideFlags: 0
  m_CorrespondingSourceObject: {fileID: 0}
  m_PrefabInstance: {fileID: 0}
  m_PrefabAsset: {fileID: 0}
  m_GameObject: {fileID: 659727336367267933}
  m_LocalRotation: {x: 0.00000014901161, y: -0.16021977, z: -0.000000029802322, w: 0.9870814}
  m_LocalPosition: {x: 0.05476336, y: -0.00000003566742, z: 0.00000011997211}
  m_LocalScale: {x: 1, y: 1, z: 1}
  m_Children: []
  m_Father: {fileID: 6160987724606049694}
  m_RootOrder: 0
  m_LocalEulerAnglesHint: {x: 0, y: 0, z: 0}
--- !u!1 &701150788131889105
GameObject:
  m_ObjectHideFlags: 0
  m_CorrespondingSourceObject: {fileID: 0}
  m_PrefabInstance: {fileID: 0}
  m_PrefabAsset: {fileID: 0}
  serializedVersion: 6
  m_Component:
  - component: {fileID: 3389494316192170046}
  m_Layer: 0
  m_Name: Middle_R_02
  m_TagString: Untagged
  m_Icon: {fileID: 0}
  m_NavMeshLayer: 0
  m_StaticEditorFlags: 0
  m_IsActive: 1
--- !u!4 &3389494316192170046
Transform:
  m_ObjectHideFlags: 0
  m_CorrespondingSourceObject: {fileID: 0}
  m_PrefabInstance: {fileID: 0}
  m_PrefabAsset: {fileID: 0}
  m_GameObject: {fileID: 701150788131889105}
  m_LocalRotation: {x: 0.00027172267, y: -0.23681468, z: 0.000029489389, w: 0.9715548}
  m_LocalPosition: {x: -0.12663801, y: 0.00000016860966, z: 0.00000015563954}
  m_LocalScale: {x: 1, y: 1, z: 1}
  m_Children:
  - {fileID: 5683638714010194403}
  m_Father: {fileID: 3588948106143053460}
  m_RootOrder: 0
  m_LocalEulerAnglesHint: {x: 0, y: 0, z: 0}
--- !u!1 &765187635889114692
GameObject:
  m_ObjectHideFlags: 0
  m_CorrespondingSourceObject: {fileID: 0}
  m_PrefabInstance: {fileID: 0}
  m_PrefabAsset: {fileID: 0}
  serializedVersion: 6
  m_Component:
  - component: {fileID: 6160987724606049694}
  m_Layer: 0
  m_Name: Thumb_L_03
  m_TagString: Untagged
  m_Icon: {fileID: 0}
  m_NavMeshLayer: 0
  m_StaticEditorFlags: 0
  m_IsActive: 1
--- !u!4 &6160987724606049694
Transform:
  m_ObjectHideFlags: 0
  m_CorrespondingSourceObject: {fileID: 0}
  m_PrefabInstance: {fileID: 0}
  m_PrefabAsset: {fileID: 0}
  m_GameObject: {fileID: 765187635889114692}
  m_LocalRotation: {x: -0.0000002384186, y: -0.20662017, z: 0.000000404194, w: 0.9784213}
  m_LocalPosition: {x: 0.088665396, y: 0.00000047340419, z: 0.00000036964394}
  m_LocalScale: {x: 1, y: 1, z: 1}
  m_Children:
  - {fileID: 72177263696526256}
  m_Father: {fileID: 5577432038910071780}
  m_RootOrder: 0
  m_LocalEulerAnglesHint: {x: 0, y: 0, z: 0}
--- !u!1 &772067288394839828
GameObject:
  m_ObjectHideFlags: 0
  m_CorrespondingSourceObject: {fileID: 0}
  m_PrefabInstance: {fileID: 0}
  m_PrefabAsset: {fileID: 0}
  serializedVersion: 6
  m_Component:
  - component: {fileID: 6719203929221294862}
  m_Layer: 0
  m_Name: Tail_02
  m_TagString: Untagged
  m_Icon: {fileID: 0}
  m_NavMeshLayer: 0
  m_StaticEditorFlags: 0
  m_IsActive: 1
--- !u!4 &6719203929221294862
Transform:
  m_ObjectHideFlags: 0
  m_CorrespondingSourceObject: {fileID: 0}
  m_PrefabInstance: {fileID: 0}
  m_PrefabAsset: {fileID: 0}
  m_GameObject: {fileID: 772067288394839828}
  m_LocalRotation: {x: 0, y: 0, z: 0.0010202824, w: 0.9999995}
  m_LocalPosition: {x: -0.41355884, y: -0.0000000518799, z: -0.000000038909917}
  m_LocalScale: {x: 1, y: 1, z: 1}
  m_Children:
  - {fileID: 3189985038031319773}
  m_Father: {fileID: 8860480710269296203}
  m_RootOrder: 0
  m_LocalEulerAnglesHint: {x: 0, y: 0, z: 0}
--- !u!1 &915230534340229186
GameObject:
  m_ObjectHideFlags: 0
  m_CorrespondingSourceObject: {fileID: 0}
  m_PrefabInstance: {fileID: 0}
  m_PrefabAsset: {fileID: 0}
  serializedVersion: 6
  m_Component:
  - component: {fileID: 2526540315362119935}
  m_Layer: 0
  m_Name: Tabard_01
  m_TagString: Untagged
  m_Icon: {fileID: 0}
  m_NavMeshLayer: 0
  m_StaticEditorFlags: 0
  m_IsActive: 1
--- !u!4 &2526540315362119935
Transform:
  m_ObjectHideFlags: 0
  m_CorrespondingSourceObject: {fileID: 0}
  m_PrefabInstance: {fileID: 0}
  m_PrefabAsset: {fileID: 0}
  m_GameObject: {fileID: 915230534340229186}
  m_LocalRotation: {x: -0.1885698, y: 0.9820598, z: 6.013382e-17, w: -1.154657e-17}
  m_LocalPosition: {x: -0.066034846, y: 0.11880287, z: 0.0000000064849863}
  m_LocalScale: {x: 1, y: 1, z: 1}
  m_Children:
  - {fileID: 7965187279523587004}
  m_Father: {fileID: 5813104357185162347}
  m_RootOrder: 3
  m_LocalEulerAnglesHint: {x: 0, y: 0, z: 0}
--- !u!1 &1163848633075818718
GameObject:
  m_ObjectHideFlags: 0
  m_CorrespondingSourceObject: {fileID: 0}
  m_PrefabInstance: {fileID: 0}
  m_PrefabAsset: {fileID: 0}
  serializedVersion: 6
  m_Component:
  - component: {fileID: 1194743684618509976}
  m_Layer: 0
  m_Name: Eye_L
  m_TagString: Untagged
  m_Icon: {fileID: 0}
  m_NavMeshLayer: 0
  m_StaticEditorFlags: 0
  m_IsActive: 1
--- !u!4 &1194743684618509976
Transform:
  m_ObjectHideFlags: 0
  m_CorrespondingSourceObject: {fileID: 0}
  m_PrefabInstance: {fileID: 0}
  m_PrefabAsset: {fileID: 0}
  m_GameObject: {fileID: 1163848633075818718}
  m_LocalRotation: {x: 0.19054809, y: 0.28743303, z: -0.68408567, w: 0.6427289}
  m_LocalPosition: {x: -0.004113921, y: 0.18230014, z: 0.060984503}
  m_LocalScale: {x: 1, y: 1, z: 1}
  m_Children: []
  m_Father: {fileID: 8964206027783161191}
  m_RootOrder: 0
  m_LocalEulerAnglesHint: {x: 0, y: 0, z: 0}
--- !u!1 &1189934637889596447
GameObject:
  m_ObjectHideFlags: 0
  m_CorrespondingSourceObject: {fileID: 0}
  m_PrefabInstance: {fileID: 0}
  m_PrefabAsset: {fileID: 0}
  serializedVersion: 6
  m_Component:
  - component: {fileID: 4091233786960914811}
  m_Layer: 0
  m_Name: Thumb_L_01
  m_TagString: Untagged
  m_Icon: {fileID: 0}
  m_NavMeshLayer: 0
  m_StaticEditorFlags: 0
  m_IsActive: 1
--- !u!4 &4091233786960914811
Transform:
  m_ObjectHideFlags: 0
  m_CorrespondingSourceObject: {fileID: 0}
  m_PrefabInstance: {fileID: 0}
  m_PrefabAsset: {fileID: 0}
  m_GameObject: {fileID: 1189934637889596447}
  m_LocalRotation: {x: 0.8353993, y: -0.2151274, z: 0.34800297, w: -0.36704513}
  m_LocalPosition: {x: 0.021145415, y: -0.019955153, z: 0.0031269293}
  m_LocalScale: {x: 1, y: 1, z: 1}
  m_Children:
  - {fileID: 5577432038910071780}
  m_Father: {fileID: 1890041011324280251}
  m_RootOrder: 4
  m_LocalEulerAnglesHint: {x: 0, y: 0, z: 0}
--- !u!1 &1235442834209988560
GameObject:
  m_ObjectHideFlags: 0
  m_CorrespondingSourceObject: {fileID: 0}
  m_PrefabInstance: {fileID: 0}
  m_PrefabAsset: {fileID: 0}
  serializedVersion: 6
  m_Component:
  - component: {fileID: 1890041011324280251}
  m_Layer: 0
  m_Name: Hand_L
  m_TagString: Untagged
  m_Icon: {fileID: 0}
  m_NavMeshLayer: 0
  m_StaticEditorFlags: 0
  m_IsActive: 1
--- !u!4 &1890041011324280251
Transform:
  m_ObjectHideFlags: 0
  m_CorrespondingSourceObject: {fileID: 0}
  m_PrefabInstance: {fileID: 0}
  m_PrefabAsset: {fileID: 0}
  m_GameObject: {fileID: 1235442834209988560}
  m_LocalRotation: {x: 0.27211526, y: -0.23510587, z: -0.08916898, w: 0.9288312}
  m_LocalPosition: {x: 0.44112346, y: -0.0000004280092, z: -0.00000005187984}
  m_LocalScale: {x: 1, y: 1, z: 1}
  m_Children:
  - {fileID: 4511921513709828803}
  - {fileID: 8772423213241004293}
  - {fileID: 9066052727986027302}
  - {fileID: 8212050640871591435}
  - {fileID: 4091233786960914811}
  m_Father: {fileID: 2719494888799710766}
  m_RootOrder: 0
  m_LocalEulerAnglesHint: {x: 0, y: 0, z: 0}
--- !u!1 &1510460908903450806
GameObject:
  m_ObjectHideFlags: 0
  m_CorrespondingSourceObject: {fileID: 0}
  m_PrefabInstance: {fileID: 0}
  m_PrefabAsset: {fileID: 0}
  serializedVersion: 6
  m_Component:
  - component: {fileID: 5677303272166416271}
  m_Layer: 0
  m_Name: Upperarm_L
  m_TagString: Untagged
  m_Icon: {fileID: 0}
  m_NavMeshLayer: 0
  m_StaticEditorFlags: 0
  m_IsActive: 1
--- !u!4 &5677303272166416271
Transform:
  m_ObjectHideFlags: 0
  m_CorrespondingSourceObject: {fileID: 0}
  m_PrefabInstance: {fileID: 0}
  m_PrefabAsset: {fileID: 0}
  m_GameObject: {fileID: 1510460908903450806}
  m_LocalRotation: {x: -0.114529096, y: -0.48309588, z: -0.009783322, w: 0.8679895}
  m_LocalPosition: {x: 0.27280343, y: 0.00000005289319, z: 0.0000013877866}
  m_LocalScale: {x: 1, y: 1, z: 1}
  m_Children:
  - {fileID: 2818417145058590973}
  m_Father: {fileID: 5122243046266086977}
  m_RootOrder: 0
  m_LocalEulerAnglesHint: {x: 0, y: 0, z: 0}
--- !u!1 &1645654671214278534
GameObject:
  m_ObjectHideFlags: 0
  m_CorrespondingSourceObject: {fileID: 0}
  m_PrefabInstance: {fileID: 0}
  m_PrefabAsset: {fileID: 0}
  serializedVersion: 6
  m_Component:
  - component: {fileID: 3355447969216792679}
  m_Layer: 0
  m_Name: Calf_L
  m_TagString: Untagged
  m_Icon: {fileID: 0}
  m_NavMeshLayer: 0
  m_StaticEditorFlags: 0
  m_IsActive: 1
--- !u!4 &3355447969216792679
Transform:
  m_ObjectHideFlags: 0
  m_CorrespondingSourceObject: {fileID: 0}
  m_PrefabInstance: {fileID: 0}
  m_PrefabAsset: {fileID: 0}
  m_GameObject: {fileID: 1645654671214278534}
  m_LocalRotation: {x: -0.027416972, y: -0.028197188, z: 0.69657737, w: 0.71640295}
  m_LocalPosition: {x: 0.46222466, y: -0.00000006484983, z: -0.00000015563973}
  m_LocalScale: {x: 1, y: 1, z: 1}
  m_Children:
  - {fileID: 2988788355373733915}
  m_Father: {fileID: 1347807937718441090}
  m_RootOrder: 0
  m_LocalEulerAnglesHint: {x: 0, y: 0, z: 0}
--- !u!1 &1770903149305784311
GameObject:
  m_ObjectHideFlags: 0
  m_CorrespondingSourceObject: {fileID: 0}
  m_PrefabInstance: {fileID: 0}
  m_PrefabAsset: {fileID: 0}
  serializedVersion: 6
  m_Component:
  - component: {fileID: 5964177174630115079}
  m_Layer: 0
  m_Name: Index_R_01
  m_TagString: Untagged
  m_Icon: {fileID: 0}
  m_NavMeshLayer: 0
  m_StaticEditorFlags: 0
  m_IsActive: 1
--- !u!4 &5964177174630115079
Transform:
  m_ObjectHideFlags: 0
  m_CorrespondingSourceObject: {fileID: 0}
  m_PrefabInstance: {fileID: 0}
  m_PrefabAsset: {fileID: 0}
  m_GameObject: {fileID: 1770903149305784311}
  m_LocalRotation: {x: -0.010008793, y: 0.1752517, z: -0.038965687, w: 0.98370135}
  m_LocalPosition: {x: -0.2356402, y: 0.061819218, z: 0.051563174}
  m_LocalScale: {x: 1, y: 1, z: 1}
  m_Children:
  - {fileID: 4215257648514535810}
  m_Father: {fileID: 3059919272299741591}
  m_RootOrder: 0
  m_LocalEulerAnglesHint: {x: 0, y: 0, z: 0}
--- !u!1 &1936548090721799096
GameObject:
  m_ObjectHideFlags: 0
  m_CorrespondingSourceObject: {fileID: 0}
  m_PrefabInstance: {fileID: 0}
  m_PrefabAsset: {fileID: 0}
  serializedVersion: 6
  m_Component:
  - component: {fileID: 4511921513709828803}
  m_Layer: 0
  m_Name: Index_L_01
  m_TagString: Untagged
  m_Icon: {fileID: 0}
  m_NavMeshLayer: 0
  m_StaticEditorFlags: 0
  m_IsActive: 1
--- !u!4 &4511921513709828803
Transform:
  m_ObjectHideFlags: 0
  m_CorrespondingSourceObject: {fileID: 0}
  m_PrefabInstance: {fileID: 0}
  m_PrefabAsset: {fileID: 0}
  m_GameObject: {fileID: 1936548090721799096}
  m_LocalRotation: {x: -0.010008781, y: 0.1752517, z: -0.038965657, w: 0.98370135}
  m_LocalPosition: {x: 0.23564017, y: -0.061819192, z: -0.05156322}
  m_LocalScale: {x: 1, y: 1, z: 1}
  m_Children:
  - {fileID: 5525277981257794226}
  m_Father: {fileID: 1890041011324280251}
  m_RootOrder: 0
  m_LocalEulerAnglesHint: {x: 0, y: 0, z: 0}
--- !u!1 &1995873604381179356
GameObject:
  m_ObjectHideFlags: 0
  m_CorrespondingSourceObject: {fileID: 0}
  m_PrefabInstance: {fileID: 0}
  m_PrefabAsset: {fileID: 0}
  serializedVersion: 6
  m_Component:
  - component: {fileID: 2363438046224986159}
  m_Layer: 0
  m_Name: Pink_L_02
  m_TagString: Untagged
  m_Icon: {fileID: 0}
  m_NavMeshLayer: 0
  m_StaticEditorFlags: 0
  m_IsActive: 1
--- !u!4 &2363438046224986159
Transform:
  m_ObjectHideFlags: 0
  m_CorrespondingSourceObject: {fileID: 0}
  m_PrefabInstance: {fileID: 0}
  m_PrefabAsset: {fileID: 0}
  m_GameObject: {fileID: 1995873604381179356}
  m_LocalRotation: {x: 0.002840682, y: -0.31859457, z: 0.0013889812, w: 0.9478858}
  m_LocalPosition: {x: 0.090065196, y: 0.00000020427711, z: 0.00000027885415}
  m_LocalScale: {x: 1, y: 1, z: 1}
  m_Children:
  - {fileID: 3920886525742423299}
  m_Father: {fileID: 9066052727986027302}
  m_RootOrder: 0
  m_LocalEulerAnglesHint: {x: 0, y: 0, z: 0}
--- !u!1 &2042545762041420206
GameObject:
  m_ObjectHideFlags: 0
  m_CorrespondingSourceObject: {fileID: 0}
  m_PrefabInstance: {fileID: 0}
  m_PrefabAsset: {fileID: 0}
  serializedVersion: 6
  m_Component:
  - component: {fileID: 3920886525742423299}
  m_Layer: 0
  m_Name: Pink_L_03
  m_TagString: Untagged
  m_Icon: {fileID: 0}
  m_NavMeshLayer: 0
  m_StaticEditorFlags: 0
  m_IsActive: 1
--- !u!4 &3920886525742423299
Transform:
  m_ObjectHideFlags: 0
  m_CorrespondingSourceObject: {fileID: 0}
  m_PrefabInstance: {fileID: 0}
  m_PrefabAsset: {fileID: 0}
  m_GameObject: {fileID: 2042545762041420206}
  m_LocalRotation: {x: 0.015297342, y: -0.37125185, z: -0.0099879205, w: 0.9283525}
  m_LocalPosition: {x: 0.048664402, y: 0.0000005455496, z: -0.00000046043382}
  m_LocalScale: {x: 1, y: 1, z: 1}
  m_Children: []
  m_Father: {fileID: 2363438046224986159}
  m_RootOrder: 0
  m_LocalEulerAnglesHint: {x: 0, y: 0, z: 0}
--- !u!1 &2382602388813445899
GameObject:
  m_ObjectHideFlags: 0
  m_CorrespondingSourceObject: {fileID: 0}
  m_PrefabInstance: {fileID: 0}
  m_PrefabAsset: {fileID: 0}
  serializedVersion: 6
  m_Component:
  - component: {fileID: 6725352751543302263}
  - component: {fileID: 3349880956500033439}
  m_Layer: 0
  m_Name: Bracer
  m_TagString: Untagged
  m_Icon: {fileID: 0}
  m_NavMeshLayer: 0
  m_StaticEditorFlags: 0
  m_IsActive: 1
--- !u!4 &6725352751543302263
Transform:
  m_ObjectHideFlags: 0
  m_CorrespondingSourceObject: {fileID: 0}
  m_PrefabInstance: {fileID: 0}
  m_PrefabAsset: {fileID: 0}
  m_GameObject: {fileID: 2382602388813445899}
  m_LocalRotation: {x: -0.7071068, y: 0, z: -0, w: 0.7071068}
  m_LocalPosition: {x: -0, y: 0, z: 0}
  m_LocalScale: {x: 1, y: 1, z: 1}
  m_Children: []
  m_Father: {fileID: 2642729585701252704}
  m_RootOrder: 2
  m_LocalEulerAnglesHint: {x: 0, y: 0, z: 0}
--- !u!137 &3349880956500033439
SkinnedMeshRenderer:
  m_ObjectHideFlags: 0
  m_CorrespondingSourceObject: {fileID: 0}
  m_PrefabInstance: {fileID: 0}
  m_PrefabAsset: {fileID: 0}
  m_GameObject: {fileID: 2382602388813445899}
  m_Enabled: 1
  m_CastShadows: 1
  m_ReceiveShadows: 1
  m_DynamicOccludee: 1
  m_MotionVectors: 1
  m_LightProbeUsage: 1
  m_ReflectionProbeUsage: 1
  m_RayTracingMode: 0
  m_RenderingLayerMask: 1
  m_RendererPriority: 0
  m_Materials:
  - {fileID: 2100000, guid: e7f8b42061994574391aead0c2936929, type: 2}
  m_StaticBatchInfo:
    firstSubMesh: 0
    subMeshCount: 0
  m_StaticBatchRoot: {fileID: 0}
  m_ProbeAnchor: {fileID: 0}
  m_LightProbeVolumeOverride: {fileID: 0}
  m_ScaleInLightmap: 1
  m_ReceiveGI: 1
  m_PreserveUVs: 0
  m_IgnoreNormalsForChartDetection: 0
  m_ImportantGI: 0
  m_StitchLightmapSeams: 1
  m_SelectedEditorRenderState: 3
  m_MinimumChartSize: 4
  m_AutoUVMaxDistance: 0.5
  m_AutoUVMaxAngle: 89
  m_LightmapParameters: {fileID: 0}
  m_SortingLayerID: 0
  m_SortingLayer: 0
  m_SortingOrder: 0
  serializedVersion: 2
  m_Quality: 0
  m_UpdateWhenOffscreen: 0
  m_SkinnedMotionVectors: 1
  m_Mesh: {fileID: 6497940661785568494, guid: 8739a3b087254e54eb08e3e0211e4c73, type: 3}
  m_Bones:
  - {fileID: 3059919272299741591}
  - {fileID: 4622111203120775562}
  - {fileID: 6532902255718902515}
  m_BlendShapeWeights: []
  m_RootBone: {fileID: 4622111203120775562}
  m_AABB:
    m_Center: {x: -0.43634477, y: -0.0043128133, z: -0.00041931868}
    m_Extent: {x: 0.086853296, y: 0.10381586, z: 0.10741281}
  m_DirtyAABB: 0
--- !u!1 &2437839838684383906
GameObject:
  m_ObjectHideFlags: 0
  m_CorrespondingSourceObject: {fileID: 0}
  m_PrefabInstance: {fileID: 0}
  m_PrefabAsset: {fileID: 0}
  serializedVersion: 6
  m_Component:
  - component: {fileID: 7072011266823348375}
  m_Layer: 0
  m_Name: Cloth_Back_L_04
  m_TagString: Untagged
  m_Icon: {fileID: 0}
  m_NavMeshLayer: 0
  m_StaticEditorFlags: 0
  m_IsActive: 1
--- !u!4 &7072011266823348375
Transform:
  m_ObjectHideFlags: 0
  m_CorrespondingSourceObject: {fileID: 0}
  m_PrefabInstance: {fileID: 0}
  m_PrefabAsset: {fileID: 0}
  m_GameObject: {fileID: 2437839838684383906}
  m_LocalRotation: {x: 0.000000029589389, y: -0.0000000025101026, z: -0.084527574,
    w: 0.99642116}
  m_LocalPosition: {x: 0.12220188, y: 0.00000006160735, z: 0.000000012969973}
  m_LocalScale: {x: 1, y: 1, z: 1}
  m_Children: []
  m_Father: {fileID: 2704016714304862102}
  m_RootOrder: 0
  m_LocalEulerAnglesHint: {x: 0, y: 0, z: 0}
--- !u!1 &2449444996211374365
GameObject:
  m_ObjectHideFlags: 0
  m_CorrespondingSourceObject: {fileID: 0}
  m_PrefabInstance: {fileID: 0}
  m_PrefabAsset: {fileID: 0}
  serializedVersion: 6
  m_Component:
  - component: {fileID: 6532902255718902515}
  m_Layer: 0
  m_Name: Thumb_R_01
  m_TagString: Untagged
  m_Icon: {fileID: 0}
  m_NavMeshLayer: 0
  m_StaticEditorFlags: 0
  m_IsActive: 1
--- !u!4 &6532902255718902515
Transform:
  m_ObjectHideFlags: 0
  m_CorrespondingSourceObject: {fileID: 0}
  m_PrefabInstance: {fileID: 0}
  m_PrefabAsset: {fileID: 0}
  m_GameObject: {fileID: 2449444996211374365}
  m_LocalRotation: {x: 0.83539927, y: -0.21512747, z: 0.348003, w: -0.3670451}
  m_LocalPosition: {x: -0.021145415, y: 0.019955153, z: -0.0031269283}
  m_LocalScale: {x: 1, y: 1, z: 1}
  m_Children:
  - {fileID: 8349773821880564782}
  m_Father: {fileID: 3059919272299741591}
  m_RootOrder: 4
  m_LocalEulerAnglesHint: {x: 0, y: 0, z: 0}
--- !u!1 &2466515052572326096
GameObject:
  m_ObjectHideFlags: 0
  m_CorrespondingSourceObject: {fileID: 0}
  m_PrefabInstance: {fileID: 0}
  m_PrefabAsset: {fileID: 0}
  serializedVersion: 6
  m_Component:
  - component: {fileID: 2719494888799710766}
  m_Layer: 0
  m_Name: Lowerarm_L
  m_TagString: Untagged
  m_Icon: {fileID: 0}
  m_NavMeshLayer: 0
  m_StaticEditorFlags: 0
  m_IsActive: 1
--- !u!4 &2719494888799710766
Transform:
  m_ObjectHideFlags: 0
  m_CorrespondingSourceObject: {fileID: 0}
  m_PrefabInstance: {fileID: 0}
  m_PrefabAsset: {fileID: 0}
  m_GameObject: {fileID: 2466515052572326096}
  m_LocalRotation: {x: 0.00000006466112, y: 0.00000004058916, z: -0.32903117, w: 0.94431907}
  m_LocalPosition: {x: 0.152026, y: 0.00000014591221, z: 0}
  m_LocalScale: {x: 1, y: 1, z: 1}
  m_Children:
  - {fileID: 1890041011324280251}
  m_Father: {fileID: 4334763835546631133}
  m_RootOrder: 0
  m_LocalEulerAnglesHint: {x: 0, y: 0, z: 0}
--- !u!1 &2514127550977766415
GameObject:
  m_ObjectHideFlags: 0
  m_CorrespondingSourceObject: {fileID: 0}
  m_PrefabInstance: {fileID: 0}
  m_PrefabAsset: {fileID: 0}
  serializedVersion: 6
  m_Component:
  - component: {fileID: 4869633457982574706}
  m_Layer: 0
  m_Name: Middle_L_02
  m_TagString: Untagged
  m_Icon: {fileID: 0}
  m_NavMeshLayer: 0
  m_StaticEditorFlags: 0
  m_IsActive: 1
--- !u!4 &4869633457982574706
Transform:
  m_ObjectHideFlags: 0
  m_CorrespondingSourceObject: {fileID: 0}
  m_PrefabInstance: {fileID: 0}
  m_PrefabAsset: {fileID: 0}
  m_GameObject: {fileID: 2514127550977766415}
  m_LocalRotation: {x: 0.0002717375, y: -0.23681468, z: 0.000029474453, w: 0.9715548}
  m_LocalPosition: {x: 0.126638, y: -0.00000018806463, z: -0.00000014266958}
  m_LocalScale: {x: 1, y: 1, z: 1}
  m_Children:
  - {fileID: 455140396625356977}
  m_Father: {fileID: 8772423213241004293}
  m_RootOrder: 0
  m_LocalEulerAnglesHint: {x: 0, y: 0, z: 0}
--- !u!1 &2719022996617015579
GameObject:
  m_ObjectHideFlags: 0
  m_CorrespondingSourceObject: {fileID: 0}
  m_PrefabInstance: {fileID: 0}
  m_PrefabAsset: {fileID: 0}
  serializedVersion: 6
  m_Component:
  - component: {fileID: 455140396625356977}
  m_Layer: 0
  m_Name: Middle_L_03
  m_TagString: Untagged
  m_Icon: {fileID: 0}
  m_NavMeshLayer: 0
  m_StaticEditorFlags: 0
  m_IsActive: 1
--- !u!4 &455140396625356977
Transform:
  m_ObjectHideFlags: 0
  m_CorrespondingSourceObject: {fileID: 0}
  m_PrefabInstance: {fileID: 0}
  m_PrefabAsset: {fileID: 0}
  m_GameObject: {fileID: 2719022996617015579}
  m_LocalRotation: {x: 0.0003812462, y: -0.31160063, z: -0.00032123932, w: 0.9502131}
  m_LocalPosition: {x: 0.06966758, y: 0.00000015645038, z: 0.00000055122337}
  m_LocalScale: {x: 1, y: 1, z: 1}
  m_Children: []
  m_Father: {fileID: 4869633457982574706}
  m_RootOrder: 0
  m_LocalEulerAnglesHint: {x: 0, y: 0, z: 0}
--- !u!1 &2853006260817014269
GameObject:
  m_ObjectHideFlags: 0
  m_CorrespondingSourceObject: {fileID: 0}
  m_PrefabInstance: {fileID: 0}
  m_PrefabAsset: {fileID: 0}
  serializedVersion: 6
  m_Component:
  - component: {fileID: 2260529538169395766}
  m_Layer: 0
  m_Name: Thumb_R_04
  m_TagString: Untagged
  m_Icon: {fileID: 0}
  m_NavMeshLayer: 0
  m_StaticEditorFlags: 0
  m_IsActive: 1
--- !u!4 &2260529538169395766
Transform:
  m_ObjectHideFlags: 0
  m_CorrespondingSourceObject: {fileID: 0}
  m_PrefabInstance: {fileID: 0}
  m_PrefabAsset: {fileID: 0}
  m_GameObject: {fileID: 2853006260817014269}
  m_LocalRotation: {x: 0.00000014901161, y: -0.16021977, z: -0.00000002980233, w: 0.9870814}
  m_LocalPosition: {x: -0.05476337, y: 0.000000029182434, z: -0.0000001232146}
  m_LocalScale: {x: 1, y: 1, z: 1}
  m_Children: []
  m_Father: {fileID: 3332999781793067193}
  m_RootOrder: 0
  m_LocalEulerAnglesHint: {x: 0, y: 0, z: 0}
--- !u!1 &3168157859679923683
GameObject:
  m_ObjectHideFlags: 0
  m_CorrespondingSourceObject: {fileID: 0}
  m_PrefabInstance: {fileID: 0}
  m_PrefabAsset: {fileID: 0}
  serializedVersion: 6
  m_Component:
  - component: {fileID: 1941968650244293553}
  - component: {fileID: 3857291918436783321}
  m_Layer: 0
  m_Name: Body
  m_TagString: Untagged
  m_Icon: {fileID: 0}
  m_NavMeshLayer: 0
  m_StaticEditorFlags: 0
  m_IsActive: 1
--- !u!4 &1941968650244293553
Transform:
  m_ObjectHideFlags: 0
  m_CorrespondingSourceObject: {fileID: 0}
  m_PrefabInstance: {fileID: 0}
  m_PrefabAsset: {fileID: 0}
  m_GameObject: {fileID: 3168157859679923683}
  m_LocalRotation: {x: -0.7071068, y: 0, z: -0, w: 0.7071068}
  m_LocalPosition: {x: -0.000015408325, y: 0.9804132, z: -0.50132483}
  m_LocalScale: {x: 1, y: 1, z: 1}
  m_Children: []
  m_Father: {fileID: 2642729585701252704}
  m_RootOrder: 1
  m_LocalEulerAnglesHint: {x: 0, y: 0, z: 0}
--- !u!137 &3857291918436783321
SkinnedMeshRenderer:
  m_ObjectHideFlags: 0
  m_CorrespondingSourceObject: {fileID: 0}
  m_PrefabInstance: {fileID: 0}
  m_PrefabAsset: {fileID: 0}
  m_GameObject: {fileID: 3168157859679923683}
  m_Enabled: 1
  m_CastShadows: 1
  m_ReceiveShadows: 1
  m_DynamicOccludee: 1
  m_MotionVectors: 1
  m_LightProbeUsage: 1
  m_ReflectionProbeUsage: 1
  m_RayTracingMode: 0
  m_RenderingLayerMask: 1
  m_RendererPriority: 0
  m_Materials:
  - {fileID: 2100000, guid: e7f8b42061994574391aead0c2936929, type: 2}
  m_StaticBatchInfo:
    firstSubMesh: 0
    subMeshCount: 0
  m_StaticBatchRoot: {fileID: 0}
  m_ProbeAnchor: {fileID: 0}
  m_LightProbeVolumeOverride: {fileID: 0}
  m_ScaleInLightmap: 1
  m_ReceiveGI: 1
  m_PreserveUVs: 0
  m_IgnoreNormalsForChartDetection: 0
  m_ImportantGI: 0
  m_StitchLightmapSeams: 1
  m_SelectedEditorRenderState: 3
  m_MinimumChartSize: 4
  m_AutoUVMaxDistance: 0.5
  m_AutoUVMaxAngle: 89
  m_LightmapParameters: {fileID: 0}
  m_SortingLayerID: 0
  m_SortingLayer: 0
  m_SortingOrder: 0
  serializedVersion: 2
  m_Quality: 0
  m_UpdateWhenOffscreen: 0
  m_SkinnedMotionVectors: 1
  m_Mesh: {fileID: 2959467708922500008, guid: 8739a3b087254e54eb08e3e0211e4c73, type: 3}
  m_Bones:
  - {fileID: 8932299173061352446}
  - {fileID: 8964206027783161191}
  - {fileID: 7545399751314250329}
  - {fileID: 9061062718432679517}
  - {fileID: 7272621866026874977}
  - {fileID: 8138834839115680135}
  - {fileID: 1194743684618509976}
  - {fileID: 5424648754873352289}
  - {fileID: 9112062277045674833}
  - {fileID: 2156572829922409916}
  - {fileID: 1165145855431902315}
  - {fileID: 5813104357185162347}
  - {fileID: 8860480710269296203}
  - {fileID: 2948781856153811363}
  - {fileID: 1347807937718441090}
  - {fileID: 3397146750436384156}
  - {fileID: 681068434590452239}
  - {fileID: 2204738246064450272}
  - {fileID: 2526540315362119935}
  - {fileID: 2204354752037301720}
  - {fileID: 577694655965835510}
  - {fileID: 5122243046266086977}
  - {fileID: 898420655812653369}
  - {fileID: 5608710833343766118}
  - {fileID: 1603160363569702534}
  - {fileID: 2978831332717377543}
  - {fileID: 9073745323793674398}
  - {fileID: 5677303272166416271}
  - {fileID: 2818417145058590973}
  - {fileID: 5036067559380070927}
  - {fileID: 2988788355373733915}
  - {fileID: 8576132653118257886}
  - {fileID: 5291531037525923333}
  - {fileID: 6719203929221294862}
  - {fileID: 3189985038031319773}
  - {fileID: 553770140979907648}
  - {fileID: 3863483553557754912}
  - {fileID: 3355447969216792679}
  - {fileID: 3457475829002761513}
  - {fileID: 4622111203120775562}
  - {fileID: 3059919272299741591}
  - {fileID: 6532902255718902515}
  - {fileID: 4334763835546631133}
  - {fileID: 2719494888799710766}
  - {fileID: 1890041011324280251}
  - {fileID: 4091233786960914811}
  - {fileID: 8349773821880564782}
  - {fileID: 3332999781793067193}
  - {fileID: 5964177174630115079}
  - {fileID: 2260529538169395766}
  - {fileID: 5577432038910071780}
  - {fileID: 9066052727986027302}
  - {fileID: 2363438046224986159}
  - {fileID: 8212050640871591435}
  - {fileID: 3920886525742423299}
  - {fileID: 5302717163876227107}
  - {fileID: 5817324289866883453}
  - {fileID: 8565077298589554446}
  - {fileID: 6524587962297511261}
  - {fileID: 3588948106143053460}
  - {fileID: 3200893645411339007}
  - {fileID: 8442529092008021943}
  - {fileID: 3389494316192170046}
  - {fileID: 5683638714010194403}
  - {fileID: 4511921513709828803}
  - {fileID: 6160987724606049694}
  - {fileID: 72177263696526256}
  - {fileID: 1037557597915538447}
  - {fileID: 5525277981257794226}
  - {fileID: 8772423213241004293}
  - {fileID: 4869633457982574706}
  - {fileID: 455140396625356977}
  - {fileID: 3311148053269914064}
  - {fileID: 4215257648514535810}
  - {fileID: 7731826673041684981}
  - {fileID: 3199655086865583303}
  m_BlendShapeWeights: []
  m_RootBone: {fileID: 5813104357185162347}
  m_AABB:
    m_Center: {x: 0.086353004, y: -0.41281623, z: 0.00000590086}
    m_Extent: {x: 1.0557687, y: 1.0973864, z: 0.9993866}
  m_DirtyAABB: 0
--- !u!1 &3198516935356806636
GameObject:
  m_ObjectHideFlags: 0
  m_CorrespondingSourceObject: {fileID: 0}
  m_PrefabInstance: {fileID: 0}
  m_PrefabAsset: {fileID: 0}
  serializedVersion: 6
  m_Component:
  - component: {fileID: 5302717163876227107}
  m_Layer: 0
  m_Name: Pinky_R_03
  m_TagString: Untagged
  m_Icon: {fileID: 0}
  m_NavMeshLayer: 0
  m_StaticEditorFlags: 0
  m_IsActive: 1
--- !u!4 &5302717163876227107
Transform:
  m_ObjectHideFlags: 0
  m_CorrespondingSourceObject: {fileID: 0}
  m_PrefabInstance: {fileID: 0}
  m_PrefabAsset: {fileID: 0}
  m_GameObject: {fileID: 3198516935356806636}
  m_LocalRotation: {x: 0.015297359, y: -0.37125185, z: -0.0099879075, w: 0.9283525}
  m_LocalPosition: {x: -0.04866441, y: -0.0000005479815, z: 0.00000046043382}
  m_LocalScale: {x: 1, y: 1, z: 1}
  m_Children: []
  m_Father: {fileID: 5817324289866883453}
  m_RootOrder: 0
  m_LocalEulerAnglesHint: {x: 0, y: 0, z: 0}
--- !u!1 &3211562534448597195
GameObject:
  m_ObjectHideFlags: 0
  m_CorrespondingSourceObject: {fileID: 0}
  m_PrefabInstance: {fileID: 0}
  m_PrefabAsset: {fileID: 0}
  serializedVersion: 6
  m_Component:
  - component: {fileID: 3311148053269914064}
  m_Layer: 0
  m_Name: Index_R_03
  m_TagString: Untagged
  m_Icon: {fileID: 0}
  m_NavMeshLayer: 0
  m_StaticEditorFlags: 0
  m_IsActive: 1
--- !u!4 &3311148053269914064
Transform:
  m_ObjectHideFlags: 0
  m_CorrespondingSourceObject: {fileID: 0}
  m_PrefabInstance: {fileID: 0}
  m_PrefabAsset: {fileID: 0}
  m_GameObject: {fileID: 3211562534448597195}
  m_LocalRotation: {x: -0.012994647, y: -0.27485645, z: 0.0058995793, w: 0.9613794}
  m_LocalPosition: {x: -0.07320776, y: 0.00000023994446, z: -0.00000019779185}
  m_LocalScale: {x: 1, y: 1, z: 1}
  m_Children: []
  m_Father: {fileID: 4215257648514535810}
  m_RootOrder: 0
  m_LocalEulerAnglesHint: {x: 0, y: 0, z: 0}
--- !u!1 &3219119752473990346
GameObject:
  m_ObjectHideFlags: 0
  m_CorrespondingSourceObject: {fileID: 0}
  m_PrefabInstance: {fileID: 0}
  m_PrefabAsset: {fileID: 0}
  serializedVersion: 6
  m_Component:
  - component: {fileID: 2035456293347213757}
  m_Layer: 0
  m_Name: Tabard_03
  m_TagString: Untagged
  m_Icon: {fileID: 0}
  m_NavMeshLayer: 0
  m_StaticEditorFlags: 0
  m_IsActive: 1
--- !u!4 &2035456293347213757
Transform:
  m_ObjectHideFlags: 0
  m_CorrespondingSourceObject: {fileID: 0}
  m_PrefabInstance: {fileID: 0}
  m_PrefabAsset: {fileID: 0}
  m_GameObject: {fileID: 3219119752473990346}
  m_LocalRotation: {x: 0, y: 0, z: 0.052419133, w: 0.99862516}
  m_LocalPosition: {x: -0.15650843, y: 0.000000077819806, z: -0.000000012969973}
  m_LocalScale: {x: 1, y: 1, z: 1}
  m_Children:
  - {fileID: 2907930720158662698}
  m_Father: {fileID: 7965187279523587004}
  m_RootOrder: 0
  m_LocalEulerAnglesHint: {x: 0, y: 0, z: 0}
--- !u!1 &3293040131856365224
GameObject:
  m_ObjectHideFlags: 0
  m_CorrespondingSourceObject: {fileID: 0}
  m_PrefabInstance: {fileID: 0}
  m_PrefabAsset: {fileID: 0}
  serializedVersion: 6
  m_Component:
  - component: {fileID: 3199655086865583303}
  m_Layer: 0
  m_Name: Ring_L_03
  m_TagString: Untagged
  m_Icon: {fileID: 0}
  m_NavMeshLayer: 0
  m_StaticEditorFlags: 0
  m_IsActive: 1
--- !u!4 &3199655086865583303
Transform:
  m_ObjectHideFlags: 0
  m_CorrespondingSourceObject: {fileID: 0}
  m_PrefabInstance: {fileID: 0}
  m_PrefabAsset: {fileID: 0}
  m_GameObject: {fileID: 3293040131856365224}
  m_LocalRotation: {x: 0.0040446073, y: -0.3856903, z: -0.0024064183, w: 0.9226163}
  m_LocalPosition: {x: 0.0544151, y: 0.00000025858878, z: 0.0000004474634}
  m_LocalScale: {x: 1, y: 1, z: 1}
  m_Children: []
  m_Father: {fileID: 7731826673041684981}
  m_RootOrder: 0
  m_LocalEulerAnglesHint: {x: 0, y: 0, z: 0}
--- !u!1 &3451740983523488986
GameObject:
  m_ObjectHideFlags: 0
  m_CorrespondingSourceObject: {fileID: 0}
  m_PrefabInstance: {fileID: 0}
  m_PrefabAsset: {fileID: 0}
  serializedVersion: 6
  m_Component:
  - component: {fileID: 2642729585701252704}
  - component: {fileID: 8236222091991364634}
  m_Layer: 0
  m_Name: Lizard_Blue
  m_TagString: Untagged
  m_Icon: {fileID: 0}
  m_NavMeshLayer: 0
  m_StaticEditorFlags: 0
  m_IsActive: 1
--- !u!4 &2642729585701252704
Transform:
  m_ObjectHideFlags: 0
  m_CorrespondingSourceObject: {fileID: 0}
  m_PrefabInstance: {fileID: 0}
  m_PrefabAsset: {fileID: 0}
  m_GameObject: {fileID: 3451740983523488986}
  m_LocalRotation: {x: 0, y: 0, z: 0, w: 1}
  m_LocalPosition: {x: 0, y: 0, z: 0}
  m_LocalScale: {x: 1, y: 1, z: 1}
  m_Children:
  - {fileID: 3514590817662891296}
  - {fileID: 1941968650244293553}
  - {fileID: 6725352751543302263}
  - {fileID: 4782153788142624602}
  - {fileID: 4608710440070370646}
  m_Father: {fileID: 0}
  m_RootOrder: 0
  m_LocalEulerAnglesHint: {x: 0, y: 0, z: 0}
--- !u!95 &8236222091991364634
Animator:
  serializedVersion: 3
  m_ObjectHideFlags: 0
  m_CorrespondingSourceObject: {fileID: 0}
  m_PrefabInstance: {fileID: 0}
  m_PrefabAsset: {fileID: 0}
  m_GameObject: {fileID: 3451740983523488986}
  m_Enabled: 1
  m_Avatar: {fileID: 9000000, guid: 8739a3b087254e54eb08e3e0211e4c73, type: 3}
  m_Controller: {fileID: 9100000, guid: 0315b894b8a9478478db163753f1776b, type: 2}
  m_CullingMode: 1
  m_UpdateMode: 0
  m_ApplyRootMotion: 0
  m_LinearVelocityBlending: 0
  m_WarningMessage: 
  m_HasTransformHierarchy: 1
  m_AllowConstantClipSamplingOptimization: 1
  m_KeepAnimatorControllerStateOnDisable: 0
--- !u!1 &3556656595823223573
GameObject:
  m_ObjectHideFlags: 0
  m_CorrespondingSourceObject: {fileID: 0}
  m_PrefabInstance: {fileID: 0}
  m_PrefabAsset: {fileID: 0}
  serializedVersion: 6
  m_Component:
  - component: {fileID: 1037557597915538447}
  m_Layer: 0
  m_Name: Index_L_03
  m_TagString: Untagged
  m_Icon: {fileID: 0}
  m_NavMeshLayer: 0
  m_StaticEditorFlags: 0
  m_IsActive: 1
--- !u!4 &1037557597915538447
Transform:
  m_ObjectHideFlags: 0
  m_CorrespondingSourceObject: {fileID: 0}
  m_PrefabInstance: {fileID: 0}
  m_PrefabAsset: {fileID: 0}
  m_GameObject: {fileID: 3556656595823223573}
  m_LocalRotation: {x: -0.012994669, y: -0.27485642, z: 0.0058995774, w: 0.9613794}
  m_LocalPosition: {x: 0.073207736, y: -0.00000023670196, z: 0.00000019454936}
  m_LocalScale: {x: 1, y: 1, z: 1}
  m_Children: []
  m_Father: {fileID: 5525277981257794226}
  m_RootOrder: 0
  m_LocalEulerAnglesHint: {x: 0, y: 0, z: 0}
--- !u!1 &3573463289145617737
GameObject:
  m_ObjectHideFlags: 0
  m_CorrespondingSourceObject: {fileID: 0}
  m_PrefabInstance: {fileID: 0}
  m_PrefabAsset: {fileID: 0}
  serializedVersion: 6
  m_Component:
  - component: {fileID: 2156572829922409916}
  m_Layer: 0
  m_Name: Foot_R
  m_TagString: Untagged
  m_Icon: {fileID: 0}
  m_NavMeshLayer: 0
  m_StaticEditorFlags: 0
  m_IsActive: 1
--- !u!4 &2156572829922409916
Transform:
  m_ObjectHideFlags: 0
  m_CorrespondingSourceObject: {fileID: 0}
  m_PrefabInstance: {fileID: 0}
  m_PrefabAsset: {fileID: 0}
  m_GameObject: {fileID: 3573463289145617737}
  m_LocalRotation: {x: 0.20727424, y: -0.06547021, z: 0.1941365, w: 0.9565888}
  m_LocalPosition: {x: -0.37622657, y: 0, z: -0.00000025939937}
  m_LocalScale: {x: 1, y: 1, z: 1}
  m_Children:
  - {fileID: 1165145855431902315}
  m_Father: {fileID: 9112062277045674833}
  m_RootOrder: 1
  m_LocalEulerAnglesHint: {x: 0, y: 0, z: 0}
--- !u!1 &3739719441291164949
GameObject:
  m_ObjectHideFlags: 0
  m_CorrespondingSourceObject: {fileID: 0}
  m_PrefabInstance: {fileID: 0}
  m_PrefabAsset: {fileID: 0}
  serializedVersion: 6
  m_Component:
  - component: {fileID: 8565077298589554446}
  m_Layer: 0
  m_Name: Pinky_R_01
  m_TagString: Untagged
  m_Icon: {fileID: 0}
  m_NavMeshLayer: 0
  m_StaticEditorFlags: 0
  m_IsActive: 1
--- !u!4 &8565077298589554446
Transform:
  m_ObjectHideFlags: 0
  m_CorrespondingSourceObject: {fileID: 0}
  m_PrefabInstance: {fileID: 0}
  m_PrefabAsset: {fileID: 0}
  m_GameObject: {fileID: 3739719441291164949}
  m_LocalRotation: {x: 0.058176488, y: -0.0397965, z: 0.023801884, w: 0.9972288}
  m_LocalPosition: {x: -0.22959974, y: -0.061472222, z: 0.007162455}
  m_LocalScale: {x: 1, y: 1, z: 1}
  m_Children:
  - {fileID: 5817324289866883453}
  m_Father: {fileID: 3059919272299741591}
  m_RootOrder: 2
  m_LocalEulerAnglesHint: {x: 0, y: 0, z: 0}
--- !u!1 &3796130329627635182
GameObject:
  m_ObjectHideFlags: 0
  m_CorrespondingSourceObject: {fileID: 0}
  m_PrefabInstance: {fileID: 0}
  m_PrefabAsset: {fileID: 0}
  serializedVersion: 6
  m_Component:
  - component: {fileID: 5291531037525923333}
  m_Layer: 0
  m_Name: Ball_L
  m_TagString: Untagged
  m_Icon: {fileID: 0}
  m_NavMeshLayer: 0
  m_StaticEditorFlags: 0
  m_IsActive: 1
--- !u!4 &5291531037525923333
Transform:
  m_ObjectHideFlags: 0
  m_CorrespondingSourceObject: {fileID: 0}
  m_PrefabInstance: {fileID: 0}
  m_PrefabAsset: {fileID: 0}
  m_GameObject: {fileID: 3796130329627635182}
  m_LocalRotation: {x: -0.00008045552, y: 0.00006301795, z: -0.5971591, w: 0.8021229}
  m_LocalPosition: {x: 0.11047363, y: -0.18695226, z: -0.00000006484988}
  m_LocalScale: {x: 1, y: 1, z: 1}
  m_Children: []
  m_Father: {fileID: 8576132653118257886}
  m_RootOrder: 0
  m_LocalEulerAnglesHint: {x: 0, y: 0, z: 0}
--- !u!1 &4029278099335343430
GameObject:
  m_ObjectHideFlags: 0
  m_CorrespondingSourceObject: {fileID: 0}
  m_PrefabInstance: {fileID: 0}
  m_PrefabAsset: {fileID: 0}
  serializedVersion: 6
  m_Component:
  - component: {fileID: 6392257644088440416}
  m_Layer: 0
  m_Name: Cloth_Back_R_04
  m_TagString: Untagged
  m_Icon: {fileID: 0}
  m_NavMeshLayer: 0
  m_StaticEditorFlags: 0
  m_IsActive: 1
--- !u!4 &6392257644088440416
Transform:
  m_ObjectHideFlags: 0
  m_CorrespondingSourceObject: {fileID: 0}
  m_PrefabInstance: {fileID: 0}
  m_PrefabAsset: {fileID: 0}
  m_GameObject: {fileID: 4029278099335343430}
  m_LocalRotation: {x: -0.000000014776656, y: 0.00000006107224, z: -0.08452753, w: 0.99642116}
  m_LocalPosition: {x: -0.122201875, y: -0.000000051879876, z: -0.000000025939945}
  m_LocalScale: {x: 1, y: 1, z: 1}
  m_Children: []
  m_Father: {fileID: 4478853249691933746}
  m_RootOrder: 0
  m_LocalEulerAnglesHint: {x: 0, y: 0, z: 0}
--- !u!1 &4030398996277576297
GameObject:
  m_ObjectHideFlags: 0
  m_CorrespondingSourceObject: {fileID: 0}
  m_PrefabInstance: {fileID: 0}
  m_PrefabAsset: {fileID: 0}
  serializedVersion: 6
  m_Component:
  - component: {fileID: 4478853249691933746}
  m_Layer: 0
  m_Name: Cloth_Back_R_03
  m_TagString: Untagged
  m_Icon: {fileID: 0}
  m_NavMeshLayer: 0
  m_StaticEditorFlags: 0
  m_IsActive: 1
--- !u!4 &4478853249691933746
Transform:
  m_ObjectHideFlags: 0
  m_CorrespondingSourceObject: {fileID: 0}
  m_PrefabInstance: {fileID: 0}
  m_PrefabAsset: {fileID: 0}
  m_GameObject: {fileID: 4030398996277576297}
  m_LocalRotation: {x: 0.00000004446233, y: -0.0000000032744798, z: -0.07344726, w: 0.99729913}
  m_LocalPosition: {x: -0.12261529, y: 0.00000041179672, z: -0.000000012969973}
  m_LocalScale: {x: 1, y: 1, z: 1}
  m_Children:
  - {fileID: 6392257644088440416}
  m_Father: {fileID: 2204354752037301720}
  m_RootOrder: 0
  m_LocalEulerAnglesHint: {x: 0, y: 0, z: 0}
--- !u!1 &4031288346914916135
GameObject:
  m_ObjectHideFlags: 0
  m_CorrespondingSourceObject: {fileID: 0}
  m_PrefabInstance: {fileID: 0}
  m_PrefabAsset: {fileID: 0}
  serializedVersion: 6
  m_Component:
  - component: {fileID: 3514590817662891296}
  - component: {fileID: 2982420315227450644}
  m_Layer: 0
  m_Name: Belt
  m_TagString: Untagged
  m_Icon: {fileID: 0}
  m_NavMeshLayer: 0
  m_StaticEditorFlags: 0
  m_IsActive: 1
--- !u!4 &3514590817662891296
Transform:
  m_ObjectHideFlags: 0
  m_CorrespondingSourceObject: {fileID: 0}
  m_PrefabInstance: {fileID: 0}
  m_PrefabAsset: {fileID: 0}
  m_GameObject: {fileID: 4031288346914916135}
  m_LocalRotation: {x: -0.7071068, y: 0, z: -0, w: 0.7071068}
  m_LocalPosition: {x: -0.000000025939942, y: 1.1803187, z: -0.06901171}
  m_LocalScale: {x: 1, y: 1, z: 1}
  m_Children: []
  m_Father: {fileID: 2642729585701252704}
  m_RootOrder: 0
  m_LocalEulerAnglesHint: {x: 0, y: 0, z: 0}
--- !u!137 &2982420315227450644
SkinnedMeshRenderer:
  m_ObjectHideFlags: 0
  m_CorrespondingSourceObject: {fileID: 0}
  m_PrefabInstance: {fileID: 0}
  m_PrefabAsset: {fileID: 0}
  m_GameObject: {fileID: 4031288346914916135}
  m_Enabled: 1
  m_CastShadows: 1
  m_ReceiveShadows: 1
  m_DynamicOccludee: 1
  m_MotionVectors: 1
  m_LightProbeUsage: 1
  m_ReflectionProbeUsage: 1
  m_RayTracingMode: 0
  m_RenderingLayerMask: 1
  m_RendererPriority: 0
  m_Materials:
  - {fileID: 2100000, guid: e7f8b42061994574391aead0c2936929, type: 2}
  m_StaticBatchInfo:
    firstSubMesh: 0
    subMeshCount: 0
  m_StaticBatchRoot: {fileID: 0}
  m_ProbeAnchor: {fileID: 0}
  m_LightProbeVolumeOverride: {fileID: 0}
  m_ScaleInLightmap: 1
  m_ReceiveGI: 1
  m_PreserveUVs: 0
  m_IgnoreNormalsForChartDetection: 0
  m_ImportantGI: 0
  m_StitchLightmapSeams: 1
  m_SelectedEditorRenderState: 3
  m_MinimumChartSize: 4
  m_AutoUVMaxDistance: 0.5
  m_AutoUVMaxAngle: 89
  m_LightmapParameters: {fileID: 0}
  m_SortingLayerID: 0
  m_SortingLayer: 0
  m_SortingOrder: 0
  serializedVersion: 2
  m_Quality: 0
  m_UpdateWhenOffscreen: 0
  m_SkinnedMotionVectors: 1
  m_Mesh: {fileID: 7497134608830541777, guid: 8739a3b087254e54eb08e3e0211e4c73, type: 3}
  m_Bones:
  - {fileID: 3397146750436384156}
  - {fileID: 5813104357185162347}
  - {fileID: 8860480710269296203}
  - {fileID: 5608710833343766118}
  - {fileID: 681068434590452239}
  - {fileID: 2948781856153811363}
  - {fileID: 2204738246064450272}
  - {fileID: 1347807937718441090}
  - {fileID: 9073745323793674398}
  - {fileID: 2204354752037301720}
  - {fileID: 2526540315362119935}
  m_BlendShapeWeights: []
  m_RootBone: {fileID: 5813104357185162347}
  m_AABB:
    m_Center: {x: -0.15615875, y: -0.004719779, z: -0.0014318675}
    m_Extent: {x: 0.09865225, y: 0.1913305, z: 0.20782144}
  m_DirtyAABB: 0
--- !u!1 &4056794038113675198
GameObject:
  m_ObjectHideFlags: 0
  m_CorrespondingSourceObject: {fileID: 0}
  m_PrefabInstance: {fileID: 0}
  m_PrefabAsset: {fileID: 0}
  serializedVersion: 6
  m_Component:
  - component: {fileID: 2818417145058590973}
  m_Layer: 0
  m_Name: Upperarm_L_Twist_01
  m_TagString: Untagged
  m_Icon: {fileID: 0}
  m_NavMeshLayer: 0
  m_StaticEditorFlags: 0
  m_IsActive: 1
--- !u!4 &2818417145058590973
Transform:
  m_ObjectHideFlags: 0
  m_CorrespondingSourceObject: {fileID: 0}
  m_PrefabInstance: {fileID: 0}
  m_PrefabAsset: {fileID: 0}
  m_GameObject: {fileID: 4056794038113675198}
  m_LocalRotation: {x: 0, y: -0, z: -0, w: 1}
  m_LocalPosition: {x: 0.15202668, y: -0.00000000972748, z: 0.00000001296996}
  m_LocalScale: {x: 1, y: 1, z: 1}
  m_Children:
  - {fileID: 4334763835546631133}
  m_Father: {fileID: 5677303272166416271}
  m_RootOrder: 0
  m_LocalEulerAnglesHint: {x: 0, y: 0, z: 0}
--- !u!1 &4059676670290591054
GameObject:
  m_ObjectHideFlags: 0
  m_CorrespondingSourceObject: {fileID: 0}
  m_PrefabInstance: {fileID: 0}
  m_PrefabAsset: {fileID: 0}
  serializedVersion: 6
  m_Component:
  - component: {fileID: 2978831332717377543}
  m_Layer: 0
  m_Name: Upperarm_R_Twist_01
  m_TagString: Untagged
  m_Icon: {fileID: 0}
  m_NavMeshLayer: 0
  m_StaticEditorFlags: 0
  m_IsActive: 1
--- !u!4 &2978831332717377543
Transform:
  m_ObjectHideFlags: 0
  m_CorrespondingSourceObject: {fileID: 0}
  m_PrefabInstance: {fileID: 0}
  m_PrefabAsset: {fileID: 0}
  m_GameObject: {fileID: 4059676670290591054}
  m_LocalRotation: {x: 0, y: -0, z: -0.000000001862645, w: 1}
  m_LocalPosition: {x: -0.15202674, y: 0.0000000032424934, z: -0.00000000648498}
  m_LocalScale: {x: 1, y: 1, z: 1}
  m_Children:
  - {fileID: 3457475829002761513}
  m_Father: {fileID: 1603160363569702534}
  m_RootOrder: 0
  m_LocalEulerAnglesHint: {x: 0, y: 0, z: 0}
--- !u!1 &4083352357590379059
GameObject:
  m_ObjectHideFlags: 0
  m_CorrespondingSourceObject: {fileID: 0}
  m_PrefabInstance: {fileID: 0}
  m_PrefabAsset: {fileID: 0}
  serializedVersion: 6
  m_Component:
  - component: {fileID: 6524587962297511261}
  m_Layer: 0
  m_Name: Ring_R_01
  m_TagString: Untagged
  m_Icon: {fileID: 0}
  m_NavMeshLayer: 0
  m_StaticEditorFlags: 0
  m_IsActive: 1
--- !u!4 &6524587962297511261
Transform:
  m_ObjectHideFlags: 0
  m_CorrespondingSourceObject: {fileID: 0}
  m_PrefabInstance: {fileID: 0}
  m_PrefabAsset: {fileID: 0}
  m_GameObject: {fileID: 4083352357590379059}
  m_LocalRotation: {x: 0.17356214, y: -0.030223025, z: 0.018528441, w: 0.9841847}
  m_LocalPosition: {x: -0.25225884, y: -0.022094667, z: 0.035013054}
  m_LocalScale: {x: 1, y: 1, z: 1}
  m_Children:
  - {fileID: 3200893645411339007}
  m_Father: {fileID: 3059919272299741591}
  m_RootOrder: 3
  m_LocalEulerAnglesHint: {x: 0, y: 0, z: 0}
--- !u!1 &4130609035324919047
GameObject:
  m_ObjectHideFlags: 0
  m_CorrespondingSourceObject: {fileID: 0}
  m_PrefabInstance: {fileID: 0}
  m_PrefabAsset: {fileID: 0}
  serializedVersion: 6
  m_Component:
  - component: {fileID: 681068434590452239}
  m_Layer: 0
  m_Name: Cloth_Back_R_01
  m_TagString: Untagged
  m_Icon: {fileID: 0}
  m_NavMeshLayer: 0
  m_StaticEditorFlags: 0
  m_IsActive: 1
--- !u!4 &681068434590452239
Transform:
  m_ObjectHideFlags: 0
  m_CorrespondingSourceObject: {fileID: 0}
  m_PrefabInstance: {fileID: 0}
  m_PrefabAsset: {fileID: 0}
  m_GameObject: {fileID: 4130609035324919047}
  m_LocalRotation: {x: 0.22877036, y: 0.82622916, z: 0.49580273, w: -0.13852525}
  m_LocalPosition: {x: -0.11044994, y: -0.07824725, z: -0.14663054}
  m_LocalScale: {x: 1, y: 1, z: 1}
  m_Children:
  - {fileID: 2204354752037301720}
  m_Father: {fileID: 5813104357185162347}
  m_RootOrder: 1
  m_LocalEulerAnglesHint: {x: 0, y: 0, z: 0}
--- !u!1 &4171578300300678937
GameObject:
  m_ObjectHideFlags: 0
  m_CorrespondingSourceObject: {fileID: 0}
  m_PrefabInstance: {fileID: 0}
  m_PrefabAsset: {fileID: 0}
  serializedVersion: 6
  m_Component:
  - component: {fileID: 8932299173061352446}
  m_Layer: 0
  m_Name: Jaw
  m_TagString: Untagged
  m_Icon: {fileID: 0}
  m_NavMeshLayer: 0
  m_StaticEditorFlags: 0
  m_IsActive: 1
--- !u!4 &8932299173061352446
Transform:
  m_ObjectHideFlags: 0
  m_CorrespondingSourceObject: {fileID: 0}
  m_PrefabInstance: {fileID: 0}
  m_PrefabAsset: {fileID: 0}
  m_GameObject: {fileID: 4171578300300678937}
  m_LocalRotation: {x: 0, y: 0, z: 0.9255401, w: -0.3786496}
  m_LocalPosition: {x: 0.03550809, y: 0.052446302, z: -0.000000009727479}
  m_LocalScale: {x: 1, y: 1, z: 1}
  m_Children:
  - {fileID: 7545399751314250329}
  m_Father: {fileID: 8964206027783161191}
  m_RootOrder: 2
  m_LocalEulerAnglesHint: {x: 0, y: 0, z: 0}
--- !u!1 &4185928290924202842
GameObject:
  m_ObjectHideFlags: 0
  m_CorrespondingSourceObject: {fileID: 0}
  m_PrefabInstance: {fileID: 0}
  m_PrefabAsset: {fileID: 0}
  serializedVersion: 6
  m_Component:
  - component: {fileID: 9073745323793674398}
  m_Layer: 0
  m_Name: Cloth_Back_L_02
  m_TagString: Untagged
  m_Icon: {fileID: 0}
  m_NavMeshLayer: 0
  m_StaticEditorFlags: 0
  m_IsActive: 1
--- !u!4 &9073745323793674398
Transform:
  m_ObjectHideFlags: 0
  m_CorrespondingSourceObject: {fileID: 0}
  m_PrefabInstance: {fileID: 0}
  m_PrefabAsset: {fileID: 0}
  m_GameObject: {fileID: 4185928290924202842}
  m_LocalRotation: {x: -0.0000000341416, y: -0.000000054522975, z: -0.17288913, w: 0.9849413}
  m_LocalPosition: {x: 0.08661126, y: 0.00000012969966, z: -0.0000000064849863}
  m_LocalScale: {x: 1, y: 1, z: 1}
  m_Children:
  - {fileID: 2704016714304862102}
  m_Father: {fileID: 5608710833343766118}
  m_RootOrder: 0
  m_LocalEulerAnglesHint: {x: 0, y: 0, z: 0}
--- !u!1 &4346163892824497877
GameObject:
  m_ObjectHideFlags: 0
  m_CorrespondingSourceObject: {fileID: 0}
  m_PrefabInstance: {fileID: 0}
  m_PrefabAsset: {fileID: 0}
  serializedVersion: 6
  m_Component:
  - component: {fileID: 5525277981257794226}
  m_Layer: 0
  m_Name: Index_L_02
  m_TagString: Untagged
  m_Icon: {fileID: 0}
  m_NavMeshLayer: 0
  m_StaticEditorFlags: 0
  m_IsActive: 1
--- !u!4 &5525277981257794226
Transform:
  m_ObjectHideFlags: 0
  m_CorrespondingSourceObject: {fileID: 0}
  m_PrefabInstance: {fileID: 0}
  m_PrefabAsset: {fileID: 0}
  m_GameObject: {fileID: 4346163892824497877}
  m_LocalRotation: {x: -0.0000817477, y: -0.12705061, z: -0.0013766289, w: 0.9918953}
  m_LocalPosition: {x: 0.11912687, y: 0.0000000064849845, z: 0.00000007781975}
  m_LocalScale: {x: 1, y: 1, z: 1}
  m_Children:
  - {fileID: 1037557597915538447}
  m_Father: {fileID: 4511921513709828803}
  m_RootOrder: 0
  m_LocalEulerAnglesHint: {x: 0, y: 0, z: 0}
--- !u!1 &4443062523447895202
GameObject:
  m_ObjectHideFlags: 0
  m_CorrespondingSourceObject: {fileID: 0}
  m_PrefabInstance: {fileID: 0}
  m_PrefabAsset: {fileID: 0}
  serializedVersion: 6
  m_Component:
  - component: {fileID: 2948781856153811363}
  m_Layer: 0
  m_Name: Thigh_R
  m_TagString: Untagged
  m_Icon: {fileID: 0}
  m_NavMeshLayer: 0
  m_StaticEditorFlags: 0
  m_IsActive: 1
--- !u!4 &2948781856153811363
Transform:
  m_ObjectHideFlags: 0
  m_CorrespondingSourceObject: {fileID: 0}
  m_PrefabInstance: {fileID: 0}
  m_PrefabAsset: {fileID: 0}
  m_GameObject: {fileID: 4443062523447895202}
  m_LocalRotation: {x: -0.17494321, y: 0.9745608, z: 0.043818247, w: -0.1330645}
  m_LocalPosition: {x: -0.037260886, y: 0.006562422, z: -0.11555017}
  m_LocalScale: {x: 1, y: 1, z: 1}
  m_Children:
  - {fileID: 3863483553557754912}
  m_Father: {fileID: 5813104357185162347}
  m_RootOrder: 6
  m_LocalEulerAnglesHint: {x: 0, y: 0, z: 0}
--- !u!1 &4718041113550788750
GameObject:
  m_ObjectHideFlags: 0
  m_CorrespondingSourceObject: {fileID: 0}
  m_PrefabInstance: {fileID: 0}
  m_PrefabAsset: {fileID: 0}
  serializedVersion: 6
  m_Component:
  - component: {fileID: 7731826673041684981}
  m_Layer: 0
  m_Name: Ring_L_02
  m_TagString: Untagged
  m_Icon: {fileID: 0}
  m_NavMeshLayer: 0
  m_StaticEditorFlags: 0
  m_IsActive: 1
--- !u!4 &7731826673041684981
Transform:
  m_ObjectHideFlags: 0
  m_CorrespondingSourceObject: {fileID: 0}
  m_PrefabInstance: {fileID: 0}
  m_PrefabAsset: {fileID: 0}
  m_GameObject: {fileID: 4718041113550788750}
  m_LocalRotation: {x: -0.0021072775, y: -0.2507003, z: 0.00078821165, w: 0.96806216}
  m_LocalPosition: {x: 0.11168869, y: -0.0000004215242, z: 0.00000020103434}
  m_LocalScale: {x: 1, y: 1, z: 1}
  m_Children:
  - {fileID: 3199655086865583303}
  m_Father: {fileID: 8212050640871591435}
  m_RootOrder: 0
  m_LocalEulerAnglesHint: {x: 0, y: 0, z: 0}
--- !u!1 &4812140548345066239
GameObject:
  m_ObjectHideFlags: 0
  m_CorrespondingSourceObject: {fileID: 0}
  m_PrefabInstance: {fileID: 0}
  m_PrefabAsset: {fileID: 0}
  serializedVersion: 6
  m_Component:
  - component: {fileID: 2204738246064450272}
  m_Layer: 0
  m_Name: Spine_02
  m_TagString: Untagged
  m_Icon: {fileID: 0}
  m_NavMeshLayer: 0
  m_StaticEditorFlags: 0
  m_IsActive: 1
--- !u!4 &2204738246064450272
Transform:
  m_ObjectHideFlags: 0
  m_CorrespondingSourceObject: {fileID: 0}
  m_PrefabInstance: {fileID: 0}
  m_PrefabAsset: {fileID: 0}
  m_GameObject: {fileID: 4812140548345066239}
  m_LocalRotation: {x: 0, y: -0, z: -0.096166864, w: 0.99536526}
  m_LocalPosition: {x: -0.15067035, y: -0.00000033281154, z: 0}
  m_LocalScale: {x: 1, y: 1, z: 1}
  m_Children:
  - {fileID: 5122243046266086977}
  - {fileID: 577694655965835510}
  - {fileID: 898420655812653369}
  m_Father: {fileID: 3397146750436384156}
  m_RootOrder: 0
  m_LocalEulerAnglesHint: {x: 0, y: 0, z: 0}
--- !u!1 &4851699520039284184
GameObject:
  m_ObjectHideFlags: 0
  m_CorrespondingSourceObject: {fileID: 0}
  m_PrefabInstance: {fileID: 0}
  m_PrefabAsset: {fileID: 0}
  serializedVersion: 6
  m_Component:
  - component: {fileID: 9061062718432679517}
  m_Layer: 0
  m_Name: Tongue_02
  m_TagString: Untagged
  m_Icon: {fileID: 0}
  m_NavMeshLayer: 0
  m_StaticEditorFlags: 0
  m_IsActive: 1
--- !u!4 &9061062718432679517
Transform:
  m_ObjectHideFlags: 0
  m_CorrespondingSourceObject: {fileID: 0}
  m_PrefabInstance: {fileID: 0}
  m_PrefabAsset: {fileID: 0}
  m_GameObject: {fileID: 4851699520039284184}
  m_LocalRotation: {x: 0.000000009940201, y: -0.000000059525206, z: 0.31716308, w: 0.94837105}
  m_LocalPosition: {x: -0.06336869, y: -0.0000011932374, z: 0}
  m_LocalScale: {x: 1, y: 1, z: 1}
  m_Children:
  - {fileID: 7272621866026874977}
  m_Father: {fileID: 7545399751314250329}
  m_RootOrder: 0
  m_LocalEulerAnglesHint: {x: 0, y: 0, z: 0}
--- !u!1 &4983853573408964369
GameObject:
  m_ObjectHideFlags: 0
  m_CorrespondingSourceObject: {fileID: 0}
  m_PrefabInstance: {fileID: 0}
  m_PrefabAsset: {fileID: 0}
  serializedVersion: 6
  m_Component:
  - component: {fileID: 3457475829002761513}
  m_Layer: 0
  m_Name: Upperarm_R_Twist_02
  m_TagString: Untagged
  m_Icon: {fileID: 0}
  m_NavMeshLayer: 0
  m_StaticEditorFlags: 0
  m_IsActive: 1
--- !u!4 &3457475829002761513
Transform:
  m_ObjectHideFlags: 0
  m_CorrespondingSourceObject: {fileID: 0}
  m_PrefabInstance: {fileID: 0}
  m_PrefabAsset: {fileID: 0}
  m_GameObject: {fileID: 4983853573408964369}
  m_LocalRotation: {x: 0, y: -0, z: -0.000000001862645, w: 1}
  m_LocalPosition: {x: -0.15202674, y: 0.0000000016212467, z: -0.00000000648498}
  m_LocalScale: {x: 1, y: 1, z: 1}
  m_Children:
  - {fileID: 4622111203120775562}
  m_Father: {fileID: 2978831332717377543}
  m_RootOrder: 0
  m_LocalEulerAnglesHint: {x: 0, y: 0, z: 0}
--- !u!1 &5090682513703377204
GameObject:
  m_ObjectHideFlags: 0
  m_CorrespondingSourceObject: {fileID: 0}
  m_PrefabInstance: {fileID: 0}
  m_PrefabAsset: {fileID: 0}
  serializedVersion: 6
  m_Component:
  - component: {fileID: 3332999781793067193}
  m_Layer: 0
  m_Name: Thumb_R_03
  m_TagString: Untagged
  m_Icon: {fileID: 0}
  m_NavMeshLayer: 0
  m_StaticEditorFlags: 0
  m_IsActive: 1
--- !u!4 &3332999781793067193
Transform:
  m_ObjectHideFlags: 0
  m_CorrespondingSourceObject: {fileID: 0}
  m_PrefabInstance: {fileID: 0}
  m_PrefabAsset: {fileID: 0}
  m_GameObject: {fileID: 5090682513703377204}
  m_LocalRotation: {x: -0.00000023841864, y: -0.20662011, z: 0.00000041723246, w: 0.9784213}
  m_LocalPosition: {x: -0.08866539, y: -0.0000005123141, z: -0.00000040206885}
  m_LocalScale: {x: 1, y: 1, z: 1}
  m_Children:
  - {fileID: 2260529538169395766}
  m_Father: {fileID: 8349773821880564782}
  m_RootOrder: 0
  m_LocalEulerAnglesHint: {x: 0, y: 0, z: 0}
--- !u!1 &5212669146928800189
GameObject:
  m_ObjectHideFlags: 0
  m_CorrespondingSourceObject: {fileID: 0}
  m_PrefabInstance: {fileID: 0}
  m_PrefabAsset: {fileID: 0}
  serializedVersion: 6
  m_Component:
  - component: {fileID: 9066052727986027302}
  m_Layer: 0
  m_Name: Pink_L_01
  m_TagString: Untagged
  m_Icon: {fileID: 0}
  m_NavMeshLayer: 0
  m_StaticEditorFlags: 0
  m_IsActive: 1
--- !u!4 &9066052727986027302
Transform:
  m_ObjectHideFlags: 0
  m_CorrespondingSourceObject: {fileID: 0}
  m_PrefabInstance: {fileID: 0}
  m_PrefabAsset: {fileID: 0}
  m_GameObject: {fileID: 5212669146928800189}
  m_LocalRotation: {x: 0.05817647, y: -0.0397965, z: 0.023801878, w: 0.9972288}
  m_LocalPosition: {x: 0.22959967, y: 0.06147217, z: -0.007162455}
  m_LocalScale: {x: 1, y: 1, z: 1}
  m_Children:
  - {fileID: 2363438046224986159}
  m_Father: {fileID: 1890041011324280251}
  m_RootOrder: 2
  m_LocalEulerAnglesHint: {x: 0, y: 0, z: 0}
--- !u!1 &5340686873731295216
GameObject:
  m_ObjectHideFlags: 0
  m_CorrespondingSourceObject: {fileID: 0}
  m_PrefabInstance: {fileID: 0}
  m_PrefabAsset: {fileID: 0}
  serializedVersion: 6
  m_Component:
  - component: {fileID: 3200893645411339007}
  m_Layer: 0
  m_Name: Ring_R_02
  m_TagString: Untagged
  m_Icon: {fileID: 0}
  m_NavMeshLayer: 0
  m_StaticEditorFlags: 0
  m_IsActive: 1
--- !u!4 &3200893645411339007
Transform:
  m_ObjectHideFlags: 0
  m_CorrespondingSourceObject: {fileID: 0}
  m_PrefabInstance: {fileID: 0}
  m_PrefabAsset: {fileID: 0}
  m_GameObject: {fileID: 5340686873731295216}
  m_LocalRotation: {x: -0.0021072922, y: -0.2507003, z: 0.0007881895, w: 0.96806216}
  m_LocalPosition: {x: -0.11168867, y: 0.00000039558427, z: -0.00000019454936}
  m_LocalScale: {x: 1, y: 1, z: 1}
  m_Children:
  - {fileID: 8442529092008021943}
  m_Father: {fileID: 6524587962297511261}
  m_RootOrder: 0
  m_LocalEulerAnglesHint: {x: 0, y: 0, z: 0}
--- !u!1 &5438571008481362104
GameObject:
  m_ObjectHideFlags: 0
  m_CorrespondingSourceObject: {fileID: 0}
  m_PrefabInstance: {fileID: 0}
  m_PrefabAsset: {fileID: 0}
  serializedVersion: 6
  m_Component:
  - component: {fileID: 8212050640871591435}
  m_Layer: 0
  m_Name: Ring_L_01
  m_TagString: Untagged
  m_Icon: {fileID: 0}
  m_NavMeshLayer: 0
  m_StaticEditorFlags: 0
  m_IsActive: 1
--- !u!4 &8212050640871591435
Transform:
  m_ObjectHideFlags: 0
  m_CorrespondingSourceObject: {fileID: 0}
  m_PrefabInstance: {fileID: 0}
  m_PrefabAsset: {fileID: 0}
  m_GameObject: {fileID: 5438571008481362104}
  m_LocalRotation: {x: 0.17356212, y: -0.030223023, z: 0.018528461, w: 0.9841847}
  m_LocalPosition: {x: 0.25225884, y: 0.02209464, z: -0.035012987}
  m_LocalScale: {x: 1, y: 1, z: 1}
  m_Children:
  - {fileID: 7731826673041684981}
  m_Father: {fileID: 1890041011324280251}
  m_RootOrder: 3
  m_LocalEulerAnglesHint: {x: 0, y: 0, z: 0}
--- !u!1 &5493187815126022854
GameObject:
  m_ObjectHideFlags: 0
  m_CorrespondingSourceObject: {fileID: 0}
  m_PrefabInstance: {fileID: 0}
  m_PrefabAsset: {fileID: 0}
  serializedVersion: 6
  m_Component:
  - component: {fileID: 5817324289866883453}
  m_Layer: 0
  m_Name: Pinky_R_02
  m_TagString: Untagged
  m_Icon: {fileID: 0}
  m_NavMeshLayer: 0
  m_StaticEditorFlags: 0
  m_IsActive: 1
--- !u!4 &5817324289866883453
Transform:
  m_ObjectHideFlags: 0
  m_CorrespondingSourceObject: {fileID: 0}
  m_PrefabInstance: {fileID: 0}
  m_PrefabAsset: {fileID: 0}
  m_GameObject: {fileID: 5493187815126022854}
  m_LocalRotation: {x: 0.0028407048, y: -0.3185946, z: 0.0013889665, w: 0.9478858}
  m_LocalPosition: {x: -0.09006522, y: -0.00000018157965, z: -0.0000002983091}
  m_LocalScale: {x: 1, y: 1, z: 1}
  m_Children:
  - {fileID: 5302717163876227107}
  m_Father: {fileID: 8565077298589554446}
  m_RootOrder: 0
  m_LocalEulerAnglesHint: {x: 0, y: 0, z: 0}
--- !u!1 &5511017203429038865
GameObject:
  m_ObjectHideFlags: 0
  m_CorrespondingSourceObject: {fileID: 0}
  m_PrefabInstance: {fileID: 0}
  m_PrefabAsset: {fileID: 0}
  serializedVersion: 6
  m_Component:
  - component: {fileID: 3059919272299741591}
  m_Layer: 0
  m_Name: Hand_R
  m_TagString: Untagged
  m_Icon: {fileID: 0}
  m_NavMeshLayer: 0
  m_StaticEditorFlags: 0
  m_IsActive: 1
--- !u!4 &3059919272299741591
Transform:
  m_ObjectHideFlags: 0
  m_CorrespondingSourceObject: {fileID: 0}
  m_PrefabInstance: {fileID: 0}
  m_PrefabAsset: {fileID: 0}
  m_GameObject: {fileID: 5511017203429038865}
  m_LocalRotation: {x: 0.27211532, y: -0.2351059, z: -0.089169, w: 0.9288312}
  m_LocalPosition: {x: -0.44112328, y: 0.00000044097916, z: 0.00000005187984}
  m_LocalScale: {x: 1, y: 1, z: 1}
  m_Children:
  - {fileID: 5964177174630115079}
  - {fileID: 3588948106143053460}
  - {fileID: 8565077298589554446}
  - {fileID: 6524587962297511261}
  - {fileID: 6532902255718902515}
  m_Father: {fileID: 4622111203120775562}
  m_RootOrder: 0
  m_LocalEulerAnglesHint: {x: 0, y: 0, z: 0}
--- !u!1 &5514906871457774144
GameObject:
  m_ObjectHideFlags: 0
  m_CorrespondingSourceObject: {fileID: 0}
  m_PrefabInstance: {fileID: 0}
  m_PrefabAsset: {fileID: 0}
  serializedVersion: 6
  m_Component:
  - component: {fileID: 553770140979907648}
  m_Layer: 0
  m_Name: Tail_04
  m_TagString: Untagged
  m_Icon: {fileID: 0}
  m_NavMeshLayer: 0
  m_StaticEditorFlags: 0
  m_IsActive: 1
--- !u!4 &553770140979907648
Transform:
  m_ObjectHideFlags: 0
  m_CorrespondingSourceObject: {fileID: 0}
  m_PrefabInstance: {fileID: 0}
  m_PrefabAsset: {fileID: 0}
  m_GameObject: {fileID: 5514906871457774144}
  m_LocalRotation: {x: -0.000000029896132, y: -0.000000059510537, z: -0.0031577053,
    w: 0.99999505}
  m_LocalPosition: {x: -0.3409604, y: 0.00000038909917, z: -0.00000003242493}
  m_LocalScale: {x: 1, y: 1, z: 1}
  m_Children: []
  m_Father: {fileID: 3189985038031319773}
  m_RootOrder: 0
  m_LocalEulerAnglesHint: {x: 0, y: 0, z: 0}
--- !u!1 &5709252214757831527
GameObject:
  m_ObjectHideFlags: 0
  m_CorrespondingSourceObject: {fileID: 0}
  m_PrefabInstance: {fileID: 0}
  m_PrefabAsset: {fileID: 0}
  serializedVersion: 6
  m_Component:
  - component: {fileID: 7272621866026874977}
  m_Layer: 0
  m_Name: Tongue_03
  m_TagString: Untagged
  m_Icon: {fileID: 0}
  m_NavMeshLayer: 0
  m_StaticEditorFlags: 0
  m_IsActive: 1
--- !u!4 &7272621866026874977
Transform:
  m_ObjectHideFlags: 0
  m_CorrespondingSourceObject: {fileID: 0}
  m_PrefabInstance: {fileID: 0}
  m_PrefabAsset: {fileID: 0}
  m_GameObject: {fileID: 5709252214757831527}
  m_LocalRotation: {x: -0.000000009184867, y: -0.000000059545574, z: -0.29505688,
    w: 0.95547974}
  m_LocalPosition: {x: -0.05382487, y: 0.0000013456356, z: 0}
  m_LocalScale: {x: 1, y: 1, z: 1}
  m_Children: []
  m_Father: {fileID: 9061062718432679517}
  m_RootOrder: 0
  m_LocalEulerAnglesHint: {x: 0, y: 0, z: 0}
--- !u!1 &5713163581247086335
GameObject:
  m_ObjectHideFlags: 0
  m_CorrespondingSourceObject: {fileID: 0}
  m_PrefabInstance: {fileID: 0}
  m_PrefabAsset: {fileID: 0}
  serializedVersion: 6
  m_Component:
  - component: {fileID: 2988788355373733915}
  m_Layer: 0
  m_Name: Calf_L_Twist
  m_TagString: Untagged
  m_Icon: {fileID: 0}
  m_NavMeshLayer: 0
  m_StaticEditorFlags: 0
  m_IsActive: 1
--- !u!4 &2988788355373733915
Transform:
  m_ObjectHideFlags: 0
  m_CorrespondingSourceObject: {fileID: 0}
  m_PrefabInstance: {fileID: 0}
  m_PrefabAsset: {fileID: 0}
  m_GameObject: {fileID: 5713163581247086335}
  m_LocalRotation: {x: 0.00000012450631, y: -0.000000117312695, z: -0.6857684, w: 0.7278198}
  m_LocalPosition: {x: 0.3552758, y: 0.00000054473895, z: 0.000000051879873}
  m_LocalScale: {x: 1, y: 1, z: 1}
  m_Children:
  - {fileID: 5036067559380070927}
  - {fileID: 8576132653118257886}
  m_Father: {fileID: 3355447969216792679}
  m_RootOrder: 0
  m_LocalEulerAnglesHint: {x: 0, y: 0, z: 0}
--- !u!1 &5810077087624128839
GameObject:
  m_ObjectHideFlags: 0
  m_CorrespondingSourceObject: {fileID: 0}
  m_PrefabInstance: {fileID: 0}
  m_PrefabAsset: {fileID: 0}
  serializedVersion: 6
  m_Component:
  - component: {fileID: 1603160363569702534}
  m_Layer: 0
  m_Name: Upperarm_R
  m_TagString: Untagged
  m_Icon: {fileID: 0}
  m_NavMeshLayer: 0
  m_StaticEditorFlags: 0
  m_IsActive: 1
--- !u!4 &1603160363569702534
Transform:
  m_ObjectHideFlags: 0
  m_CorrespondingSourceObject: {fileID: 0}
  m_PrefabInstance: {fileID: 0}
  m_PrefabAsset: {fileID: 0}
  m_GameObject: {fileID: 5810077087624128839}
  m_LocalRotation: {x: -0.114529125, y: -0.48309612, z: -0.009783394, w: 0.86798936}
  m_LocalPosition: {x: -0.27280346, y: -0.00000005370381, z: -0.0000013813016}
  m_LocalScale: {x: 1, y: 1, z: 1}
  m_Children:
  - {fileID: 2978831332717377543}
  m_Father: {fileID: 577694655965835510}
  m_RootOrder: 0
  m_LocalEulerAnglesHint: {x: 0, y: 0, z: 0}
--- !u!1 &5885699963310014326
GameObject:
  m_ObjectHideFlags: 0
  m_CorrespondingSourceObject: {fileID: 0}
  m_PrefabInstance: {fileID: 0}
  m_PrefabAsset: {fileID: 0}
  serializedVersion: 6
  m_Component:
  - component: {fileID: 1347807937718441090}
  m_Layer: 0
  m_Name: Thigh_L
  m_TagString: Untagged
  m_Icon: {fileID: 0}
  m_NavMeshLayer: 0
  m_StaticEditorFlags: 0
  m_IsActive: 1
--- !u!4 &1347807937718441090
Transform:
  m_ObjectHideFlags: 0
  m_CorrespondingSourceObject: {fileID: 0}
  m_PrefabInstance: {fileID: 0}
  m_PrefabAsset: {fileID: 0}
  m_GameObject: {fileID: 5885699963310014326}
  m_LocalRotation: {x: 0.9745608, y: 0.17494322, z: 0.13306443, w: 0.043818254}
  m_LocalPosition: {x: -0.037260894, y: 0.006562422, z: 0.11555017}
  m_LocalScale: {x: 1, y: 1, z: 1}
  m_Children:
  - {fileID: 3355447969216792679}
  m_Father: {fileID: 5813104357185162347}
  m_RootOrder: 5
  m_LocalEulerAnglesHint: {x: 0, y: 0, z: 0}
--- !u!1 &6094577198586955526
GameObject:
  m_ObjectHideFlags: 0
  m_CorrespondingSourceObject: {fileID: 0}
  m_PrefabInstance: {fileID: 0}
  m_PrefabAsset: {fileID: 0}
  serializedVersion: 6
  m_Component:
  - component: {fileID: 5036067559380070927}
  m_Layer: 0
  m_Name: Foot_Finger_L
  m_TagString: Untagged
  m_Icon: {fileID: 0}
  m_NavMeshLayer: 0
  m_StaticEditorFlags: 0
  m_IsActive: 1
--- !u!4 &5036067559380070927
Transform:
  m_ObjectHideFlags: 0
  m_CorrespondingSourceObject: {fileID: 0}
  m_PrefabInstance: {fileID: 0}
  m_PrefabAsset: {fileID: 0}
  m_GameObject: {fileID: 6094577198586955526}
  m_LocalRotation: {x: -0.4616282, y: -0.2514603, z: -0.34167272, w: 0.7790551}
  m_LocalPosition: {x: 0.2985309, y: 0.018248208, z: 0.051937666}
  m_LocalScale: {x: 1, y: 1, z: 1}
  m_Children: []
  m_Father: {fileID: 2988788355373733915}
  m_RootOrder: 0
  m_LocalEulerAnglesHint: {x: 0, y: 0, z: 0}
--- !u!1 &6125416225153782117
GameObject:
  m_ObjectHideFlags: 0
  m_CorrespondingSourceObject: {fileID: 0}
  m_PrefabInstance: {fileID: 0}
  m_PrefabAsset: {fileID: 0}
  serializedVersion: 6
  m_Component:
  - component: {fileID: 9112062277045674833}
  m_Layer: 0
  m_Name: Calf_R_Twist
  m_TagString: Untagged
  m_Icon: {fileID: 0}
  m_NavMeshLayer: 0
  m_StaticEditorFlags: 0
  m_IsActive: 1
--- !u!4 &9112062277045674833
Transform:
  m_ObjectHideFlags: 0
  m_CorrespondingSourceObject: {fileID: 0}
  m_PrefabInstance: {fileID: 0}
  m_PrefabAsset: {fileID: 0}
  m_GameObject: {fileID: 6125416225153782117}
  m_LocalRotation: {x: 0.00000011870024, y: -0.000000111842084, z: -0.6857684, w: 0.7278198}
  m_LocalPosition: {x: -0.35527575, y: -0.0000004669191, z: -0.000000051879873}
  m_LocalScale: {x: 1, y: 1, z: 1}
  m_Children:
  - {fileID: 5424648754873352289}
  - {fileID: 2156572829922409916}
  m_Father: {fileID: 3863483553557754912}
  m_RootOrder: 0
  m_LocalEulerAnglesHint: {x: 0, y: 0, z: 0}
--- !u!1 &6616193376196309171
GameObject:
  m_ObjectHideFlags: 0
  m_CorrespondingSourceObject: {fileID: 0}
  m_PrefabInstance: {fileID: 0}
  m_PrefabAsset: {fileID: 0}
  serializedVersion: 6
  m_Component:
  - component: {fileID: 4334763835546631133}
  m_Layer: 0
  m_Name: Upperarm_L_Twist_02
  m_TagString: Untagged
  m_Icon: {fileID: 0}
  m_NavMeshLayer: 0
  m_StaticEditorFlags: 0
  m_IsActive: 1
--- !u!4 &4334763835546631133
Transform:
  m_ObjectHideFlags: 0
  m_CorrespondingSourceObject: {fileID: 0}
  m_PrefabInstance: {fileID: 0}
  m_PrefabAsset: {fileID: 0}
  m_GameObject: {fileID: 6616193376196309171}
  m_LocalRotation: {x: 0, y: -0, z: -0, w: 1}
  m_LocalPosition: {x: 0.15202668, y: -0.0000000064849868, z: 0}
  m_LocalScale: {x: 1, y: 1, z: 1}
  m_Children:
  - {fileID: 2719494888799710766}
  m_Father: {fileID: 2818417145058590973}
  m_RootOrder: 0
  m_LocalEulerAnglesHint: {x: 0, y: 0, z: 0}
--- !u!1 &6647620893081936210
GameObject:
  m_ObjectHideFlags: 0
  m_CorrespondingSourceObject: {fileID: 0}
  m_PrefabInstance: {fileID: 0}
  m_PrefabAsset: {fileID: 0}
  serializedVersion: 6
  m_Component:
  - component: {fileID: 5577432038910071780}
  m_Layer: 0
  m_Name: Thumb_L_02
  m_TagString: Untagged
  m_Icon: {fileID: 0}
  m_NavMeshLayer: 0
  m_StaticEditorFlags: 0
  m_IsActive: 1
--- !u!4 &5577432038910071780
Transform:
  m_ObjectHideFlags: 0
  m_CorrespondingSourceObject: {fileID: 0}
  m_PrefabInstance: {fileID: 0}
  m_PrefabAsset: {fileID: 0}
  m_GameObject: {fileID: 6647620893081936210}
  m_LocalRotation: {x: 0.0000010207295, y: -0.24952282, z: -0.000000055879404, w: 0.96836895}
  m_LocalPosition: {x: 0.14442074, y: 0.00000012969977, z: -0.000000110244706}
  m_LocalScale: {x: 1, y: 1, z: 1}
  m_Children:
  - {fileID: 6160987724606049694}
  m_Father: {fileID: 4091233786960914811}
  m_RootOrder: 0
  m_LocalEulerAnglesHint: {x: 0, y: 0, z: 0}
--- !u!1 &6764361956353293157
GameObject:
  m_ObjectHideFlags: 0
  m_CorrespondingSourceObject: {fileID: 0}
  m_PrefabInstance: {fileID: 0}
  m_PrefabAsset: {fileID: 0}
  serializedVersion: 6
  m_Component:
  - component: {fileID: 1165145855431902315}
  m_Layer: 0
  m_Name: Ball_R
  m_TagString: Untagged
  m_Icon: {fileID: 0}
  m_NavMeshLayer: 0
  m_StaticEditorFlags: 0
  m_IsActive: 1
--- !u!4 &1165145855431902315
Transform:
  m_ObjectHideFlags: 0
  m_CorrespondingSourceObject: {fileID: 0}
  m_PrefabInstance: {fileID: 0}
  m_PrefabAsset: {fileID: 0}
  m_GameObject: {fileID: 6764361956353293157}
  m_LocalRotation: {x: -0.000080474034, y: 0.00006303173, z: -0.5971591, w: 0.8021229}
  m_LocalPosition: {x: -0.11047363, y: 0.18695226, z: 0.0000000518799}
  m_LocalScale: {x: 1, y: 1, z: 1}
  m_Children: []
  m_Father: {fileID: 2156572829922409916}
  m_RootOrder: 0
  m_LocalEulerAnglesHint: {x: 0, y: 0, z: 0}
--- !u!1 &6829805691187954206
GameObject:
  m_ObjectHideFlags: 0
  m_CorrespondingSourceObject: {fileID: 0}
  m_PrefabInstance: {fileID: 0}
  m_PrefabAsset: {fileID: 0}
  serializedVersion: 6
  m_Component:
  - component: {fileID: 8772423213241004293}
  m_Layer: 0
  m_Name: Middle_L_01
  m_TagString: Untagged
  m_Icon: {fileID: 0}
  m_NavMeshLayer: 0
  m_StaticEditorFlags: 0
  m_IsActive: 1
--- !u!4 &8772423213241004293
Transform:
  m_ObjectHideFlags: 0
  m_CorrespondingSourceObject: {fileID: 0}
  m_PrefabInstance: {fileID: 0}
  m_PrefabAsset: {fileID: 0}
  m_GameObject: {fileID: 6829805691187954206}
  m_LocalRotation: {x: 0.0776564, y: -0.008314204, z: -0.0068626544, w: 0.9969219}
  m_LocalPosition: {x: 0.26608488, y: -0.018138628, z: -0.052192792}
  m_LocalScale: {x: 1, y: 1, z: 1}
  m_Children:
  - {fileID: 4869633457982574706}
  m_Father: {fileID: 1890041011324280251}
  m_RootOrder: 1
  m_LocalEulerAnglesHint: {x: 0, y: 0, z: 0}
--- !u!1 &6879603492191937655
GameObject:
  m_ObjectHideFlags: 0
  m_CorrespondingSourceObject: {fileID: 0}
  m_PrefabInstance: {fileID: 0}
  m_PrefabAsset: {fileID: 0}
  serializedVersion: 6
  m_Component:
  - component: {fileID: 8860480710269296203}
  m_Layer: 0
  m_Name: Tail_01
  m_TagString: Untagged
  m_Icon: {fileID: 0}
  m_NavMeshLayer: 0
  m_StaticEditorFlags: 0
  m_IsActive: 1
--- !u!4 &8860480710269296203
Transform:
  m_ObjectHideFlags: 0
  m_CorrespondingSourceObject: {fileID: 0}
  m_PrefabInstance: {fileID: 0}
  m_PrefabAsset: {fileID: 0}
  m_GameObject: {fileID: 6879603492191937655}
  m_LocalRotation: {x: 0.5697089, y: 0.8218466, z: 5.032359e-17, w: 3.488461e-17}
  m_LocalPosition: {x: 0.04755302, y: -0.10706967, z: -0.0000000064849863}
  m_LocalScale: {x: 1, y: 1, z: 1}
  m_Children:
  - {fileID: 6719203929221294862}
  m_Father: {fileID: 5813104357185162347}
  m_RootOrder: 4
  m_LocalEulerAnglesHint: {x: 0, y: 0, z: 0}
--- !u!1 &6982561117293207622
GameObject:
  m_ObjectHideFlags: 0
  m_CorrespondingSourceObject: {fileID: 0}
  m_PrefabInstance: {fileID: 0}
  m_PrefabAsset: {fileID: 0}
  serializedVersion: 6
  m_Component:
  - component: {fileID: 2204354752037301720}
  m_Layer: 0
  m_Name: Cloth_Back_R_02
  m_TagString: Untagged
  m_Icon: {fileID: 0}
  m_NavMeshLayer: 0
  m_StaticEditorFlags: 0
  m_IsActive: 1
--- !u!4 &2204354752037301720
Transform:
  m_ObjectHideFlags: 0
  m_CorrespondingSourceObject: {fileID: 0}
  m_PrefabInstance: {fileID: 0}
  m_PrefabAsset: {fileID: 0}
  m_GameObject: {fileID: 6982561117293207622}
  m_LocalRotation: {x: -0.00000005782302, y: 0.00000001014981, z: -0.17288907, w: 0.98494136}
  m_LocalPosition: {x: -0.086611256, y: -0.00000011348721, z: -0.000000019454959}
  m_LocalScale: {x: 1, y: 1, z: 1}
  m_Children:
  - {fileID: 4478853249691933746}
  m_Father: {fileID: 681068434590452239}
  m_RootOrder: 0
  m_LocalEulerAnglesHint: {x: 0, y: 0, z: 0}
--- !u!1 &7087300510391496553
GameObject:
  m_ObjectHideFlags: 0
  m_CorrespondingSourceObject: {fileID: 0}
  m_PrefabInstance: {fileID: 0}
  m_PrefabAsset: {fileID: 0}
  serializedVersion: 6
  m_Component:
  - component: {fileID: 5813104357185162347}
  m_Layer: 0
  m_Name: Pelvis
  m_TagString: Untagged
  m_Icon: {fileID: 0}
  m_NavMeshLayer: 0
  m_StaticEditorFlags: 0
  m_IsActive: 1
--- !u!4 &5813104357185162347
Transform:
  m_ObjectHideFlags: 0
  m_CorrespondingSourceObject: {fileID: 0}
  m_PrefabInstance: {fileID: 0}
  m_PrefabAsset: {fileID: 0}
  m_GameObject: {fileID: 7087300510391496553}
  m_LocalRotation: {x: 0.4881143, y: -0.5116097, z: -0.48811424, w: 0.51160973}
  m_LocalPosition: {x: -2.1457017e-32, y: 1.0247629, z: -0.06309922}
  m_LocalScale: {x: 1, y: 1, z: 1}
  m_Children:
  - {fileID: 5608710833343766118}
  - {fileID: 681068434590452239}
  - {fileID: 3397146750436384156}
  - {fileID: 2526540315362119935}
  - {fileID: 8860480710269296203}
  - {fileID: 1347807937718441090}
  - {fileID: 2948781856153811363}
  m_Father: {fileID: 4782153788142624602}
  m_RootOrder: 0
  m_LocalEulerAnglesHint: {x: 0, y: 0, z: 0}
--- !u!1 &7090293251471388934
GameObject:
  m_ObjectHideFlags: 0
  m_CorrespondingSourceObject: {fileID: 0}
  m_PrefabInstance: {fileID: 0}
  m_PrefabAsset: {fileID: 0}
  serializedVersion: 6
  m_Component:
  - component: {fileID: 3588948106143053460}
  m_Layer: 0
  m_Name: Middle_R_01
  m_TagString: Untagged
  m_Icon: {fileID: 0}
  m_NavMeshLayer: 0
  m_StaticEditorFlags: 0
  m_IsActive: 1
--- !u!4 &3588948106143053460
Transform:
  m_ObjectHideFlags: 0
  m_CorrespondingSourceObject: {fileID: 0}
  m_PrefabInstance: {fileID: 0}
  m_PrefabAsset: {fileID: 0}
  m_GameObject: {fileID: 7090293251471388934}
  m_LocalRotation: {x: 0.07765641, y: -0.008314205, z: -0.0068626706, w: 0.9969219}
  m_LocalPosition: {x: -0.2660849, y: 0.018138565, z: 0.05219283}
  m_LocalScale: {x: 1, y: 1, z: 1}
  m_Children:
  - {fileID: 3389494316192170046}
  m_Father: {fileID: 3059919272299741591}
  m_RootOrder: 1
  m_LocalEulerAnglesHint: {x: 0, y: 0, z: 0}
--- !u!1 &7270658900633633003
GameObject:
  m_ObjectHideFlags: 0
  m_CorrespondingSourceObject: {fileID: 0}
  m_PrefabInstance: {fileID: 0}
  m_PrefabAsset: {fileID: 0}
  serializedVersion: 6
  m_Component:
  - component: {fileID: 2704016714304862102}
  m_Layer: 0
  m_Name: Cloth_Back_L_03
  m_TagString: Untagged
  m_Icon: {fileID: 0}
  m_NavMeshLayer: 0
  m_StaticEditorFlags: 0
  m_IsActive: 1
--- !u!4 &2704016714304862102
Transform:
  m_ObjectHideFlags: 0
  m_CorrespondingSourceObject: {fileID: 0}
  m_PrefabInstance: {fileID: 0}
  m_PrefabAsset: {fileID: 0}
  m_GameObject: {fileID: 7270658900633633003}
  m_LocalRotation: {x: 0.00000006147793, y: 0.000000055238452, z: -0.07344727, w: 0.99729913}
  m_LocalPosition: {x: 0.1226153, y: -0.00000039558427, z: -0.000000012969973}
  m_LocalScale: {x: 1, y: 1, z: 1}
  m_Children:
  - {fileID: 7072011266823348375}
  m_Father: {fileID: 9073745323793674398}
  m_RootOrder: 0
  m_LocalEulerAnglesHint: {x: 0, y: 0, z: 0}
--- !u!1 &7320738837823930232
GameObject:
  m_ObjectHideFlags: 0
  m_CorrespondingSourceObject: {fileID: 0}
  m_PrefabInstance: {fileID: 0}
  m_PrefabAsset: {fileID: 0}
  serializedVersion: 6
  m_Component:
  - component: {fileID: 3863483553557754912}
  m_Layer: 0
  m_Name: Calf_R
  m_TagString: Untagged
  m_Icon: {fileID: 0}
  m_NavMeshLayer: 0
  m_StaticEditorFlags: 0
  m_IsActive: 1
--- !u!4 &3863483553557754912
Transform:
  m_ObjectHideFlags: 0
  m_CorrespondingSourceObject: {fileID: 0}
  m_PrefabInstance: {fileID: 0}
  m_PrefabAsset: {fileID: 0}
  m_GameObject: {fileID: 7320738837823930232}
  m_LocalRotation: {x: -0.02741693, y: -0.028197233, z: 0.6965774, w: 0.7164029}
  m_LocalPosition: {x: -0.46222466, y: -0.000000025939933, z: 0.00000005187991}
  m_LocalScale: {x: 1, y: 1, z: 1}
  m_Children:
  - {fileID: 9112062277045674833}
  m_Father: {fileID: 2948781856153811363}
  m_RootOrder: 0
  m_LocalEulerAnglesHint: {x: 0, y: 0, z: 0}
--- !u!1 &7353894835207561586
GameObject:
  m_ObjectHideFlags: 0
  m_CorrespondingSourceObject: {fileID: 0}
  m_PrefabInstance: {fileID: 0}
  m_PrefabAsset: {fileID: 0}
  serializedVersion: 6
  m_Component:
  - component: {fileID: 8349773821880564782}
  m_Layer: 0
  m_Name: Thumb_R_02
  m_TagString: Untagged
  m_Icon: {fileID: 0}
  m_NavMeshLayer: 0
  m_StaticEditorFlags: 0
  m_IsActive: 1
--- !u!4 &8349773821880564782
Transform:
  m_ObjectHideFlags: 0
  m_CorrespondingSourceObject: {fileID: 0}
  m_PrefabInstance: {fileID: 0}
  m_PrefabAsset: {fileID: 0}
  m_GameObject: {fileID: 7353894835207561586}
  m_LocalRotation: {x: 0.0000009983778, y: -0.2495228, z: -0.000000029802408, w: 0.96836895}
  m_LocalPosition: {x: -0.14442071, y: -0.000000110244805, z: 0.000000110244706}
  m_LocalScale: {x: 1, y: 1, z: 1}
  m_Children:
  - {fileID: 3332999781793067193}
  m_Father: {fileID: 6532902255718902515}
  m_RootOrder: 0
  m_LocalEulerAnglesHint: {x: 0, y: 0, z: 0}
--- !u!1 &7364419911991520260
GameObject:
  m_ObjectHideFlags: 0
  m_CorrespondingSourceObject: {fileID: 0}
  m_PrefabInstance: {fileID: 0}
  m_PrefabAsset: {fileID: 0}
  serializedVersion: 6
  m_Component:
  - component: {fileID: 898420655812653369}
  m_Layer: 0
  m_Name: Neck
  m_TagString: Untagged
  m_Icon: {fileID: 0}
  m_NavMeshLayer: 0
  m_StaticEditorFlags: 0
  m_IsActive: 1
--- !u!4 &898420655812653369
Transform:
  m_ObjectHideFlags: 0
  m_CorrespondingSourceObject: {fileID: 0}
  m_PrefabInstance: {fileID: 0}
  m_PrefabAsset: {fileID: 0}
  m_GameObject: {fileID: 7364419911991520260}
  m_LocalRotation: {x: 0, y: -0, z: -0.35894364, w: 0.93335927}
  m_LocalPosition: {x: -0.22328663, y: 0.00000014266972, z: 0.000000025939945}
  m_LocalScale: {x: 1, y: 1, z: 1}
  m_Children:
  - {fileID: 8964206027783161191}
  m_Father: {fileID: 2204738246064450272}
  m_RootOrder: 2
  m_LocalEulerAnglesHint: {x: 0, y: 0, z: 0}
--- !u!1 &7395987368531411142
GameObject:
  m_ObjectHideFlags: 0
  m_CorrespondingSourceObject: {fileID: 0}
  m_PrefabInstance: {fileID: 0}
  m_PrefabAsset: {fileID: 0}
  serializedVersion: 6
  m_Component:
  - component: {fileID: 4608710440070370646}
  - component: {fileID: 7041539819617786038}
  - component: {fileID: 2532823935055956361}
  m_Layer: 0
  m_Name: Shirt
  m_TagString: Untagged
  m_Icon: {fileID: 0}
  m_NavMeshLayer: 0
  m_StaticEditorFlags: 0
  m_IsActive: 1
--- !u!4 &4608710440070370646
Transform:
  m_ObjectHideFlags: 0
  m_CorrespondingSourceObject: {fileID: 0}
  m_PrefabInstance: {fileID: 0}
  m_PrefabAsset: {fileID: 0}
  m_GameObject: {fileID: 7395987368531411142}
  m_LocalRotation: {x: -0.7071068, y: 0, z: -0, w: 0.7071068}
  m_LocalPosition: {x: -0.22059311, y: 1.0893492, z: -0.05656993}
  m_LocalScale: {x: 1, y: 1, z: 1}
  m_Children: []
  m_Father: {fileID: 2642729585701252704}
  m_RootOrder: 4
  m_LocalEulerAnglesHint: {x: 0, y: 0, z: 0}
--- !u!137 &7041539819617786038
SkinnedMeshRenderer:
  m_ObjectHideFlags: 0
  m_CorrespondingSourceObject: {fileID: 0}
  m_PrefabInstance: {fileID: 0}
  m_PrefabAsset: {fileID: 0}
  m_GameObject: {fileID: 7395987368531411142}
  m_Enabled: 1
  m_CastShadows: 1
  m_ReceiveShadows: 1
  m_DynamicOccludee: 1
  m_MotionVectors: 1
  m_LightProbeUsage: 1
  m_ReflectionProbeUsage: 1
  m_RayTracingMode: 0
  m_RenderingLayerMask: 1
  m_RendererPriority: 0
  m_Materials:
  - {fileID: 2100000, guid: e7f8b42061994574391aead0c2936929, type: 2}
  m_StaticBatchInfo:
    firstSubMesh: 0
    subMeshCount: 0
  m_StaticBatchRoot: {fileID: 0}
  m_ProbeAnchor: {fileID: 0}
  m_LightProbeVolumeOverride: {fileID: 0}
  m_ScaleInLightmap: 1
  m_ReceiveGI: 1
  m_PreserveUVs: 0
  m_IgnoreNormalsForChartDetection: 0
  m_ImportantGI: 0
  m_StitchLightmapSeams: 1
  m_SelectedEditorRenderState: 3
  m_MinimumChartSize: 4
  m_AutoUVMaxDistance: 0.5
  m_AutoUVMaxAngle: 89
  m_LightmapParameters: {fileID: 0}
  m_SortingLayerID: 0
  m_SortingLayer: 0
  m_SortingOrder: 0
  serializedVersion: 2
  m_Quality: 0
  m_UpdateWhenOffscreen: 0
  m_SkinnedMotionVectors: 1
  m_Mesh: {fileID: 3900480760133451625, guid: 8739a3b087254e54eb08e3e0211e4c73, type: 3}
  m_Bones:
  - {fileID: 577694655965835510}
  - {fileID: 2204738246064450272}
  - {fileID: 2719494888799710766}
  - {fileID: 3397146750436384156}
  - {fileID: 5122243046266086977}
  - {fileID: 5813104357185162347}
  - {fileID: 2948781856153811363}
  - {fileID: 681068434590452239}
  - {fileID: 2204354752037301720}
  - {fileID: 5677303272166416271}
  - {fileID: 2818417145058590973}
  - {fileID: 4334763835546631133}
  - {fileID: 1890041011324280251}
  - {fileID: 4091233786960914811}
  - {fileID: 1603160363569702534}
  - {fileID: 1347807937718441090}
  - {fileID: 2526540315362119935}
  - {fileID: 898420655812653369}
  - {fileID: 5608710833343766118}
  - {fileID: 9073745323793674398}
  - {fileID: 7965187279523587004}
  - {fileID: 2035456293347213757}
  - {fileID: 2907930720158662698}
  - {fileID: 8860480710269296203}
  - {fileID: 2704016714304862102}
  - {fileID: 7072011266823348375}
  - {fileID: 4478853249691933746}
  - {fileID: 6392257644088440416}
  m_BlendShapeWeights: []
  m_RootBone: {fileID: 5813104357185162347}
  m_AABB:
    m_Center: {x: -0.11198357, y: -0.009498358, z: 0.22410649}
    m_Extent: {x: 0.6918291, y: 0.30251426, z: 0.59565884}
  m_DirtyAABB: 0
--- !u!95 &2532823935055956361
Animator:
  serializedVersion: 3
  m_ObjectHideFlags: 0
  m_CorrespondingSourceObject: {fileID: 0}
  m_PrefabInstance: {fileID: 0}
  m_PrefabAsset: {fileID: 0}
  m_GameObject: {fileID: 7395987368531411142}
  m_Enabled: 1
  m_Avatar: {fileID: 0}
  m_Controller: {fileID: 9100000, guid: 0315b894b8a9478478db163753f1776b, type: 2}
  m_CullingMode: 0
  m_UpdateMode: 0
  m_ApplyRootMotion: 0
  m_LinearVelocityBlending: 0
  m_WarningMessage: 
  m_HasTransformHierarchy: 1
  m_AllowConstantClipSamplingOptimization: 1
  m_KeepAnimatorControllerStateOnDisable: 0
--- !u!1 &7577191587568785053
GameObject:
  m_ObjectHideFlags: 0
  m_CorrespondingSourceObject: {fileID: 0}
  m_PrefabInstance: {fileID: 0}
  m_PrefabAsset: {fileID: 0}
  serializedVersion: 6
  m_Component:
  - component: {fileID: 4782153788142624602}
  m_Layer: 0
  m_Name: Root
  m_TagString: Untagged
  m_Icon: {fileID: 0}
  m_NavMeshLayer: 0
  m_StaticEditorFlags: 0
  m_IsActive: 1
--- !u!4 &4782153788142624602
Transform:
  m_ObjectHideFlags: 0
  m_CorrespondingSourceObject: {fileID: 0}
  m_PrefabInstance: {fileID: 0}
  m_PrefabAsset: {fileID: 0}
  m_GameObject: {fileID: 7577191587568785053}
  m_LocalRotation: {x: -0.00000013315805, y: 0, z: -0, w: 1}
  m_LocalPosition: {x: -0, y: 0, z: 0}
  m_LocalScale: {x: 1, y: 1, z: 1}
  m_Children:
  - {fileID: 5813104357185162347}
  m_Father: {fileID: 2642729585701252704}
  m_RootOrder: 3
  m_LocalEulerAnglesHint: {x: 0, y: 0, z: 0}
--- !u!1 &7686347856590567901
GameObject:
  m_ObjectHideFlags: 0
  m_CorrespondingSourceObject: {fileID: 0}
  m_PrefabInstance: {fileID: 0}
  m_PrefabAsset: {fileID: 0}
  serializedVersion: 6
  m_Component:
  - component: {fileID: 5424648754873352289}
  m_Layer: 0
  m_Name: Foot_Finger_R
  m_TagString: Untagged
  m_Icon: {fileID: 0}
  m_NavMeshLayer: 0
  m_StaticEditorFlags: 0
  m_IsActive: 1
--- !u!4 &5424648754873352289
Transform:
  m_ObjectHideFlags: 0
  m_CorrespondingSourceObject: {fileID: 0}
  m_PrefabInstance: {fileID: 0}
  m_PrefabAsset: {fileID: 0}
  m_GameObject: {fileID: 7686347856590567901}
  m_LocalRotation: {x: -0.4616282, y: -0.25146028, z: -0.34167278, w: 0.7790551}
  m_LocalPosition: {x: -0.29853085, y: -0.018248225, z: -0.051937744}
  m_LocalScale: {x: 1, y: 1, z: 1}
  m_Children: []
  m_Father: {fileID: 9112062277045674833}
  m_RootOrder: 0
  m_LocalEulerAnglesHint: {x: 0, y: 0, z: 0}
--- !u!1 &7763136564251876780
GameObject:
  m_ObjectHideFlags: 0
  m_CorrespondingSourceObject: {fileID: 0}
  m_PrefabInstance: {fileID: 0}
  m_PrefabAsset: {fileID: 0}
  serializedVersion: 6
  m_Component:
  - component: {fileID: 3397146750436384156}
  m_Layer: 0
  m_Name: Spine_01
  m_TagString: Untagged
  m_Icon: {fileID: 0}
  m_NavMeshLayer: 0
  m_StaticEditorFlags: 0
  m_IsActive: 1
--- !u!4 &3397146750436384156
Transform:
  m_ObjectHideFlags: 0
  m_CorrespondingSourceObject: {fileID: 0}
  m_PrefabInstance: {fileID: 0}
  m_PrefabAsset: {fileID: 0}
  m_GameObject: {fileID: 7763136564251876780}
  m_LocalRotation: {x: 3.4904105e-10, y: -8.4567214e-12, z: -0.024221335, w: 0.9997066}
  m_LocalPosition: {x: -0.18991484, y: 0.0000000016212466, z: -0.000000012969973}
  m_LocalScale: {x: 1, y: 1, z: 1}
  m_Children:
  - {fileID: 2204738246064450272}
  m_Father: {fileID: 5813104357185162347}
  m_RootOrder: 2
  m_LocalEulerAnglesHint: {x: 0, y: 0, z: 0}
--- !u!1 &8001507194341912084
GameObject:
  m_ObjectHideFlags: 0
  m_CorrespondingSourceObject: {fileID: 0}
  m_PrefabInstance: {fileID: 0}
  m_PrefabAsset: {fileID: 0}
  serializedVersion: 6
  m_Component:
  - component: {fileID: 8576132653118257886}
  m_Layer: 0
  m_Name: Foot_L
  m_TagString: Untagged
  m_Icon: {fileID: 0}
  m_NavMeshLayer: 0
  m_StaticEditorFlags: 0
  m_IsActive: 1
--- !u!4 &8576132653118257886
Transform:
  m_ObjectHideFlags: 0
  m_CorrespondingSourceObject: {fileID: 0}
  m_PrefabInstance: {fileID: 0}
  m_PrefabAsset: {fileID: 0}
  m_GameObject: {fileID: 8001507194341912084}
  m_LocalRotation: {x: 0.20727424, y: -0.06547021, z: 0.1941365, w: 0.9565888}
  m_LocalPosition: {x: 0.3762266, y: 0, z: 0.00000023345943}
  m_LocalScale: {x: 1, y: 1, z: 1}
  m_Children:
  - {fileID: 5291531037525923333}
  m_Father: {fileID: 2988788355373733915}
  m_RootOrder: 1
  m_LocalEulerAnglesHint: {x: 0, y: 0, z: 0}
--- !u!1 &8016114579936487793
GameObject:
  m_ObjectHideFlags: 0
  m_CorrespondingSourceObject: {fileID: 0}
  m_PrefabInstance: {fileID: 0}
  m_PrefabAsset: {fileID: 0}
  serializedVersion: 6
  m_Component:
  - component: {fileID: 577694655965835510}
  m_Layer: 0
  m_Name: Clavicle_R
  m_TagString: Untagged
  m_Icon: {fileID: 0}
  m_NavMeshLayer: 0
  m_StaticEditorFlags: 0
  m_IsActive: 1
--- !u!4 &577694655965835510
Transform:
  m_ObjectHideFlags: 0
  m_CorrespondingSourceObject: {fileID: 0}
  m_PrefabInstance: {fileID: 0}
  m_PrefabAsset: {fileID: 0}
  m_GameObject: {fileID: 8016114579936487793}
  m_LocalRotation: {x: 0.03943676, y: -0.6188465, z: 0.059797432, w: 0.7822391}
  m_LocalPosition: {x: -0.10840594, y: 0.0016259808, z: -0.02086427}
  m_LocalScale: {x: 1, y: 1, z: 1}
  m_Children:
  - {fileID: 1603160363569702534}
  m_Father: {fileID: 2204738246064450272}
  m_RootOrder: 1
  m_LocalEulerAnglesHint: {x: 0, y: 0, z: 0}
--- !u!1 &8312802005092192543
GameObject:
  m_ObjectHideFlags: 0
  m_CorrespondingSourceObject: {fileID: 0}
  m_PrefabInstance: {fileID: 0}
  m_PrefabAsset: {fileID: 0}
  serializedVersion: 6
  m_Component:
  - component: {fileID: 2907930720158662698}
  m_Layer: 0
  m_Name: Tabard_04
  m_TagString: Untagged
  m_Icon: {fileID: 0}
  m_NavMeshLayer: 0
  m_StaticEditorFlags: 0
  m_IsActive: 1
--- !u!4 &2907930720158662698
Transform:
  m_ObjectHideFlags: 0
  m_CorrespondingSourceObject: {fileID: 0}
  m_PrefabInstance: {fileID: 0}
  m_PrefabAsset: {fileID: 0}
  m_GameObject: {fileID: 8312802005092192543}
  m_LocalRotation: {x: -2.328033e-10, y: -2.5218191e-12, z: 0.010831768, w: 0.99994135}
  m_LocalPosition: {x: -0.17261267, y: -0.000000014591215, z: -0.000000012969973}
  m_LocalScale: {x: 1, y: 1, z: 1}
  m_Children: []
  m_Father: {fileID: 2035456293347213757}
  m_RootOrder: 0
  m_LocalEulerAnglesHint: {x: 0, y: 0, z: 0}
--- !u!1 &8680046702541038958
GameObject:
  m_ObjectHideFlags: 0
  m_CorrespondingSourceObject: {fileID: 0}
  m_PrefabInstance: {fileID: 0}
  m_PrefabAsset: {fileID: 0}
  serializedVersion: 6
  m_Component:
  - component: {fileID: 7965187279523587004}
  m_Layer: 0
  m_Name: Tabard_02
  m_TagString: Untagged
  m_Icon: {fileID: 0}
  m_NavMeshLayer: 0
  m_StaticEditorFlags: 0
  m_IsActive: 1
--- !u!4 &7965187279523587004
Transform:
  m_ObjectHideFlags: 0
  m_CorrespondingSourceObject: {fileID: 0}
  m_PrefabInstance: {fileID: 0}
  m_PrefabAsset: {fileID: 0}
  m_GameObject: {fileID: 8680046702541038958}
  m_LocalRotation: {x: 0, y: 0, z: 0.15134937, w: 0.9884804}
  m_LocalPosition: {x: -0.15242301, y: 0.00000035018928, z: 0}
  m_LocalScale: {x: 1, y: 1, z: 1}
  m_Children:
  - {fileID: 2035456293347213757}
  m_Father: {fileID: 2526540315362119935}
  m_RootOrder: 0
  m_LocalEulerAnglesHint: {x: 0, y: 0, z: 0}
--- !u!1 &8785667778459153594
GameObject:
  m_ObjectHideFlags: 0
  m_CorrespondingSourceObject: {fileID: 0}
  m_PrefabInstance: {fileID: 0}
  m_PrefabAsset: {fileID: 0}
  serializedVersion: 6
  m_Component:
  - component: {fileID: 4622111203120775562}
  m_Layer: 0
  m_Name: Lowerarm_R
  m_TagString: Untagged
  m_Icon: {fileID: 0}
  m_NavMeshLayer: 0
  m_StaticEditorFlags: 0
  m_IsActive: 1
--- !u!4 &4622111203120775562
Transform:
  m_ObjectHideFlags: 0
  m_CorrespondingSourceObject: {fileID: 0}
  m_PrefabInstance: {fileID: 0}
  m_PrefabAsset: {fileID: 0}
  m_GameObject: {fileID: 8785667778459153594}
  m_LocalRotation: {x: 0.00000006121977, y: 0.000000041788237, z: -0.3290312, w: 0.94431907}
  m_LocalPosition: {x: -0.15202603, y: -0.00000014104847, z: -0.00000000648498}
  m_LocalScale: {x: 1, y: 1, z: 1}
  m_Children:
  - {fileID: 3059919272299741591}
  m_Father: {fileID: 3457475829002761513}
  m_RootOrder: 0
  m_LocalEulerAnglesHint: {x: 0, y: 0, z: 0}
--- !u!1 &8984428350885174062
GameObject:
  m_ObjectHideFlags: 0
  m_CorrespondingSourceObject: {fileID: 0}
  m_PrefabInstance: {fileID: 0}
  m_PrefabAsset: {fileID: 0}
  serializedVersion: 6
  m_Component:
  - component: {fileID: 3189985038031319773}
  m_Layer: 0
  m_Name: Tail_03
  m_TagString: Untagged
  m_Icon: {fileID: 0}
  m_NavMeshLayer: 0
  m_StaticEditorFlags: 0
  m_IsActive: 1
--- !u!4 &3189985038031319773
Transform:
  m_ObjectHideFlags: 0
  m_CorrespondingSourceObject: {fileID: 0}
  m_PrefabInstance: {fileID: 0}
  m_PrefabAsset: {fileID: 0}
  m_GameObject: {fileID: 8984428350885174062}
  m_LocalRotation: {x: 0.000000014901115, y: 2.5766236e-11, z: 0.0017291455, w: 0.9999985}
  m_LocalPosition: {x: -0.42453486, y: -0.0000002593995, z: 0}
  m_LocalScale: {x: 1, y: 1, z: 1}
  m_Children:
  - {fileID: 553770140979907648}
  m_Father: {fileID: 6719203929221294862}
  m_RootOrder: 0
  m_LocalEulerAnglesHint: {x: 0, y: 0, z: 0}
--- !u!1 &9061259761029159636
GameObject:
  m_ObjectHideFlags: 0
  m_CorrespondingSourceObject: {fileID: 0}
  m_PrefabInstance: {fileID: 0}
  m_PrefabAsset: {fileID: 0}
  serializedVersion: 6
  m_Component:
  - component: {fileID: 8442529092008021943}
  m_Layer: 0
  m_Name: Ring_R_03
  m_TagString: Untagged
  m_Icon: {fileID: 0}
  m_NavMeshLayer: 0
  m_StaticEditorFlags: 0
  m_IsActive: 1
--- !u!4 &8442529092008021943
Transform:
  m_ObjectHideFlags: 0
  m_CorrespondingSourceObject: {fileID: 0}
  m_PrefabInstance: {fileID: 0}
  m_PrefabAsset: {fileID: 0}
  m_GameObject: {fileID: 9061259761029159636}
  m_LocalRotation: {x: 0.0040446, y: -0.38569033, z: -0.0024064262, w: 0.9226163}
  m_LocalPosition: {x: -0.0544151, y: -0.00000026264192, z: -0.00000044097843}
  m_LocalScale: {x: 1, y: 1, z: 1}
  m_Children: []
  m_Father: {fileID: 3200893645411339007}
  m_RootOrder: 0
  m_LocalEulerAnglesHint: {x: 0, y: 0, z: 0}
--- !u!1 &9108800826374170515
GameObject:
  m_ObjectHideFlags: 0
  m_CorrespondingSourceObject: {fileID: 0}
  m_PrefabInstance: {fileID: 0}
  m_PrefabAsset: {fileID: 0}
  serializedVersion: 6
  m_Component:
  - component: {fileID: 5122243046266086977}
  m_Layer: 0
  m_Name: Clavicle_L
  m_TagString: Untagged
  m_Icon: {fileID: 0}
  m_NavMeshLayer: 0
  m_StaticEditorFlags: 0
  m_IsActive: 1
--- !u!4 &5122243046266086977
Transform:
  m_ObjectHideFlags: 0
  m_CorrespondingSourceObject: {fileID: 0}
  m_PrefabInstance: {fileID: 0}
  m_PrefabAsset: {fileID: 0}
  m_GameObject: {fileID: 9108800826374170515}
  m_LocalRotation: {x: 0.61884624, y: 0.039436825, z: 0.7822394, w: -0.059797604}
  m_LocalPosition: {x: -0.108406045, y: 0.0016259581, z: 0.020864302}
  m_LocalScale: {x: 1, y: 1, z: 1}
  m_Children:
  - {fileID: 5677303272166416271}
  m_Father: {fileID: 2204738246064450272}
  m_RootOrder: 0
  m_LocalEulerAnglesHint: {x: 0, y: 0, z: 0}
