%YAML 1.1
%TAG !u! tag:unity3d.com,2011:
--- !u!29 &1
OcclusionCullingSettings:
  m_ObjectHideFlags: 0
  serializedVersion: 2
  m_OcclusionBakeSettings:
    smallestOccluder: 5
    smallestHole: 0.25
    backfaceThreshold: 100
  m_SceneGUID: 00000000000000000000000000000000
  m_OcclusionCullingData: {fileID: 0}
--- !u!104 &2
RenderSettings:
  m_ObjectHideFlags: 0
  serializedVersion: 9
  m_Fog: 0
  m_FogColor: {r: 0.5, g: 0.5, b: 0.5, a: 1}
  m_FogMode: 3
  m_FogDensity: 0.01
  m_LinearFogStart: 0
  m_LinearFogEnd: 300
  m_AmbientSkyColor: {r: 0.212, g: 0.227, b: 0.259, a: 1}
  m_AmbientEquatorColor: {r: 0.114, g: 0.125, b: 0.133, a: 1}
  m_AmbientGroundColor: {r: 0.047, g: 0.043, b: 0.035, a: 1}
  m_AmbientIntensity: 1
  m_AmbientMode: 0
  m_SubtractiveShadowColor: {r: 0.42, g: 0.478, b: 0.627, a: 1}
  m_SkyboxMaterial: {fileID: 2100000, guid: 59573b088aaea0442bf29e0a0e9d1339, type: 2}
  m_HaloStrength: 0.5
  m_FlareStrength: 1
  m_FlareFadeSpeed: 3
  m_HaloTexture: {fileID: 0}
  m_SpotCookie: {fileID: 10001, guid: 0000000000000000e000000000000000, type: 0}
  m_DefaultReflectionMode: 0
  m_DefaultReflectionResolution: 128
  m_ReflectionBounces: 1
  m_ReflectionIntensity: 1
  m_CustomReflection: {fileID: 0}
  m_Sun: {fileID: 0}
  m_IndirectSpecularColor: {r: 0.1470397, g: 0.3639807, b: 0.579928, a: 1}
  m_UseRadianceAmbientProbe: 0
--- !u!157 &3
LightmapSettings:
  m_ObjectHideFlags: 0
  serializedVersion: 12
  m_GIWorkflowMode: 1
  m_GISettings:
    serializedVersion: 2
    m_BounceScale: 1
    m_IndirectOutputScale: 1
    m_AlbedoBoost: 1
    m_EnvironmentLightingMode: 0
    m_EnableBakedLightmaps: 1
    m_EnableRealtimeLightmaps: 0
  m_LightmapEditorSettings:
    serializedVersion: 12
    m_Resolution: 2
    m_BakeResolution: 40
    m_AtlasSize: 1024
    m_AO: 0
    m_AOMaxDistance: 1
    m_CompAOExponent: 1
    m_CompAOExponentDirect: 0
    m_ExtractAmbientOcclusion: 0
    m_Padding: 2
    m_LightmapParameters: {fileID: 0}
    m_LightmapsBakeMode: 1
    m_TextureCompression: 1
    m_FinalGather: 0
    m_FinalGatherFiltering: 1
    m_FinalGatherRayCount: 256
    m_ReflectionCompression: 2
    m_MixedBakeMode: 2
    m_BakeBackend: 1
    m_PVRSampling: 1
    m_PVRDirectSampleCount: 32
    m_PVRSampleCount: 512
    m_PVRBounces: 2
    m_PVREnvironmentSampleCount: 256
    m_PVREnvironmentReferencePointCount: 2048
    m_PVRFilteringMode: 1
    m_PVRDenoiserTypeDirect: 1
    m_PVRDenoiserTypeIndirect: 1
    m_PVRDenoiserTypeAO: 1
    m_PVRFilterTypeDirect: 0
    m_PVRFilterTypeIndirect: 0
    m_PVRFilterTypeAO: 0
    m_PVREnvironmentMIS: 1
    m_PVRCulling: 1
    m_PVRFilteringGaussRadiusDirect: 1
    m_PVRFilteringGaussRadiusIndirect: 5
    m_PVRFilteringGaussRadiusAO: 2
    m_PVRFilteringAtrousPositionSigmaDirect: 0.5
    m_PVRFilteringAtrousPositionSigmaIndirect: 2
    m_PVRFilteringAtrousPositionSigmaAO: 1
    m_ExportTrainingData: 0
    m_TrainingDataDestination: TrainingData
    m_LightProbeSampleCountMultiplier: 4
  m_LightingDataAsset: {fileID: 0}
  m_LightingSettings: {fileID: 0}
--- !u!196 &4
NavMeshSettings:
  serializedVersion: 2
  m_ObjectHideFlags: 0
  m_BuildSettings:
    serializedVersion: 2
    agentTypeID: 0
    agentRadius: 0.5
    agentHeight: 2
    agentSlope: 45
    agentClimb: 0.4
    ledgeDropHeight: 0
    maxJumpAcrossDistance: 0
    minRegionArea: 2
    manualCellSize: 0
    cellSize: 0.16666667
    manualTileSize: 0
    tileSize: 256
    accuratePlacement: 0
    maxJobWorkers: 0
    preserveTilesOutsideBounds: 0
    debug:
      m_Flags: 0
  m_NavMeshData: {fileID: 0}
--- !u!1001 &112502755
PrefabInstance:
  m_ObjectHideFlags: 0
  serializedVersion: 2
  m_Modification:
    m_TransformParent: {fileID: 0}
    m_Modifications:
    - target: {fileID: 251690358003691739, guid: 5f78a01e63c81a54e85b29b76a6230fb, type: 3}
      propertyPath: sceneViewId
      value: 3
      objectReference: {fileID: 0}
    - target: {fileID: 1706455312216612962, guid: 5f78a01e63c81a54e85b29b76a6230fb, type: 3}
      propertyPath: m_Name
      value: WarriorLit
      objectReference: {fileID: 0}
    - target: {fileID: 1706455312216612962, guid: 5f78a01e63c81a54e85b29b76a6230fb, type: 3}
      propertyPath: m_IsActive
      value: 0
      objectReference: {fileID: 0}
    - target: {fileID: 1706455312216612966, guid: 5f78a01e63c81a54e85b29b76a6230fb, type: 3}
      propertyPath: m_RootOrder
      value: 2
      objectReference: {fileID: 0}
    - target: {fileID: 1706455312216612966, guid: 5f78a01e63c81a54e85b29b76a6230fb, type: 3}
      propertyPath: m_LocalPosition.x
      value: -2.4435349
      objectReference: {fileID: 0}
    - target: {fileID: 1706455312216612966, guid: 5f78a01e63c81a54e85b29b76a6230fb, type: 3}
      propertyPath: m_LocalPosition.y
      value: -0.0000009536743
      objectReference: {fileID: 0}
    - target: {fileID: 1706455312216612966, guid: 5f78a01e63c81a54e85b29b76a6230fb, type: 3}
      propertyPath: m_LocalPosition.z
      value: 2.9577212
      objectReference: {fileID: 0}
    - target: {fileID: 1706455312216612966, guid: 5f78a01e63c81a54e85b29b76a6230fb, type: 3}
      propertyPath: m_LocalRotation.w
      value: 1
      objectReference: {fileID: 0}
    - target: {fileID: 1706455312216612966, guid: 5f78a01e63c81a54e85b29b76a6230fb, type: 3}
      propertyPath: m_LocalRotation.x
      value: 0
      objectReference: {fileID: 0}
    - target: {fileID: 1706455312216612966, guid: 5f78a01e63c81a54e85b29b76a6230fb, type: 3}
      propertyPath: m_LocalRotation.y
      value: 0
      objectReference: {fileID: 0}
    - target: {fileID: 1706455312216612966, guid: 5f78a01e63c81a54e85b29b76a6230fb, type: 3}
      propertyPath: m_LocalRotation.z
      value: 0
      objectReference: {fileID: 0}
    - target: {fileID: 1706455312216612966, guid: 5f78a01e63c81a54e85b29b76a6230fb, type: 3}
      propertyPath: m_LocalEulerAnglesHint.x
      value: 0
      objectReference: {fileID: 0}
    - target: {fileID: 1706455312216612966, guid: 5f78a01e63c81a54e85b29b76a6230fb, type: 3}
      propertyPath: m_LocalEulerAnglesHint.y
      value: 0
      objectReference: {fileID: 0}
    - target: {fileID: 1706455312216612966, guid: 5f78a01e63c81a54e85b29b76a6230fb, type: 3}
      propertyPath: m_LocalEulerAnglesHint.z
      value: 0
      objectReference: {fileID: 0}
    m_RemovedComponents: []
  m_SourcePrefab: {fileID: 100100000, guid: 5f78a01e63c81a54e85b29b76a6230fb, type: 3}
--- !u!1001 &204434144
PrefabInstance:
  m_ObjectHideFlags: 0
  serializedVersion: 2
  m_Modification:
    m_TransformParent: {fileID: 0}
    m_Modifications:
    - target: {fileID: 828854523065074167, guid: 65036cea97719204a9fe25640db63631, type: 3}
      propertyPath: m_CullingMask.m_Bits
      value: 1013
      objectReference: {fileID: 0}
    - target: {fileID: 828854524224167602, guid: 65036cea97719204a9fe25640db63631, type: 3}
      propertyPath: m_Name
      value: CameraRigRoot
      objectReference: {fileID: 0}
    - target: {fileID: 828854524224167603, guid: 65036cea97719204a9fe25640db63631, type: 3}
      propertyPath: m_RootOrder
      value: 0
      objectReference: {fileID: 0}
    - target: {fileID: 828854524224167603, guid: 65036cea97719204a9fe25640db63631, type: 3}
      propertyPath: m_LocalPosition.x
      value: 0.3
      objectReference: {fileID: 0}
    - target: {fileID: 828854524224167603, guid: 65036cea97719204a9fe25640db63631, type: 3}
      propertyPath: m_LocalPosition.y
      value: 3.5
      objectReference: {fileID: 0}
    - target: {fileID: 828854524224167603, guid: 65036cea97719204a9fe25640db63631, type: 3}
      propertyPath: m_LocalPosition.z
      value: -5.07
      objectReference: {fileID: 0}
    - target: {fileID: 828854524224167603, guid: 65036cea97719204a9fe25640db63631, type: 3}
      propertyPath: m_LocalRotation.w
      value: 1
      objectReference: {fileID: 0}
    - target: {fileID: 828854524224167603, guid: 65036cea97719204a9fe25640db63631, type: 3}
      propertyPath: m_LocalRotation.x
      value: -0
      objectReference: {fileID: 0}
    - target: {fileID: 828854524224167603, guid: 65036cea97719204a9fe25640db63631, type: 3}
      propertyPath: m_LocalRotation.y
      value: -0
      objectReference: {fileID: 0}
    - target: {fileID: 828854524224167603, guid: 65036cea97719204a9fe25640db63631, type: 3}
      propertyPath: m_LocalRotation.z
      value: -0
      objectReference: {fileID: 0}
    - target: {fileID: 828854524224167603, guid: 65036cea97719204a9fe25640db63631, type: 3}
      propertyPath: m_LocalEulerAnglesHint.x
      value: 0
      objectReference: {fileID: 0}
    - target: {fileID: 828854524224167603, guid: 65036cea97719204a9fe25640db63631, type: 3}
      propertyPath: m_LocalEulerAnglesHint.y
      value: 0
      objectReference: {fileID: 0}
    - target: {fileID: 828854524224167603, guid: 65036cea97719204a9fe25640db63631, type: 3}
      propertyPath: m_LocalEulerAnglesHint.z
      value: 0
      objectReference: {fileID: 0}
    - target: {fileID: 828854524224167612, guid: 65036cea97719204a9fe25640db63631, type: 3}
      propertyPath: target
      value: 
      objectReference: {fileID: 1840494886}
    - target: {fileID: 828854524224167612, guid: 65036cea97719204a9fe25640db63631, type: 3}
      propertyPath: playerC
      value: 
      objectReference: {fileID: 1840494882}
    - target: {fileID: 828854524224167612, guid: 65036cea97719204a9fe25640db63631, type: 3}
      propertyPath: yTargetOffset
      value: 1
      objectReference: {fileID: 0}
    - target: {fileID: 828854524224167612, guid: 65036cea97719204a9fe25640db63631, type: 3}
      propertyPath: targetRotationSpeed
      value: 250
      objectReference: {fileID: 0}
    - target: {fileID: 828854524224167612, guid: 65036cea97719204a9fe25640db63631, type: 3}
      propertyPath: targetRotationOffset
      value: 2
      objectReference: {fileID: 0}
    - target: {fileID: 1699810779701402267, guid: 65036cea97719204a9fe25640db63631, type: 3}
      propertyPath: zoom
      value: 0.5
      objectReference: {fileID: 0}
    - target: {fileID: 1699810779701402267, guid: 65036cea97719204a9fe25640db63631, type: 3}
      propertyPath: duration
      value: 0.2
      objectReference: {fileID: 0}
    - target: {fileID: 1699810779701402267, guid: 65036cea97719204a9fe25640db63631, type: 3}
      propertyPath: magnitude
      value: 0.15
      objectReference: {fileID: 0}
    m_RemovedComponents:
    - {fileID: 8824245618109299656, guid: 65036cea97719204a9fe25640db63631, type: 3}
  m_SourcePrefab: {fileID: 100100000, guid: 65036cea97719204a9fe25640db63631, type: 3}
--- !u!4 &329050419 stripped
Transform:
  m_CorrespondingSourceObject: {fileID: 1747524449261476035, guid: d18f1e9c4e06c1647a97e8dec8ad346d, type: 3}
  m_PrefabInstance: {fileID: 1747524448968684016}
  m_PrefabAsset: {fileID: 0}
--- !u!1001 &346156694
PrefabInstance:
  m_ObjectHideFlags: 0
  serializedVersion: 2
  m_Modification:
    m_TransformParent: {fileID: 0}
    m_Modifications:
    - target: {fileID: 6611413300065922825, guid: 4e88b3d800858f64b9e1c05e0e573f38, type: 3}
      propertyPath: transformToFollow
      value: 
      objectReference: {fileID: 1364410767}
    - target: {fileID: 6611413300065922826, guid: 4e88b3d800858f64b9e1c05e0e573f38, type: 3}
      propertyPath: m_Name
      value: CameraEffectURP
      objectReference: {fileID: 0}
    - target: {fileID: 6611413300065922830, guid: 4e88b3d800858f64b9e1c05e0e573f38, type: 3}
      propertyPath: m_RootOrder
      value: 11
      objectReference: {fileID: 0}
    - target: {fileID: 6611413300065922830, guid: 4e88b3d800858f64b9e1c05e0e573f38, type: 3}
      propertyPath: m_LocalPosition.x
      value: 0
      objectReference: {fileID: 0}
    - target: {fileID: 6611413300065922830, guid: 4e88b3d800858f64b9e1c05e0e573f38, type: 3}
      propertyPath: m_LocalPosition.y
      value: 20
      objectReference: {fileID: 0}
    - target: {fileID: 6611413300065922830, guid: 4e88b3d800858f64b9e1c05e0e573f38, type: 3}
      propertyPath: m_LocalPosition.z
      value: 0
      objectReference: {fileID: 0}
    - target: {fileID: 6611413300065922830, guid: 4e88b3d800858f64b9e1c05e0e573f38, type: 3}
      propertyPath: m_LocalRotation.w
      value: 0.7071068
      objectReference: {fileID: 0}
    - target: {fileID: 6611413300065922830, guid: 4e88b3d800858f64b9e1c05e0e573f38, type: 3}
      propertyPath: m_LocalRotation.x
      value: 0.7071068
      objectReference: {fileID: 0}
    - target: {fileID: 6611413300065922830, guid: 4e88b3d800858f64b9e1c05e0e573f38, type: 3}
      propertyPath: m_LocalRotation.y
      value: 0
      objectReference: {fileID: 0}
    - target: {fileID: 6611413300065922830, guid: 4e88b3d800858f64b9e1c05e0e573f38, type: 3}
      propertyPath: m_LocalRotation.z
      value: 0
      objectReference: {fileID: 0}
    - target: {fileID: 6611413300065922830, guid: 4e88b3d800858f64b9e1c05e0e573f38, type: 3}
      propertyPath: m_LocalEulerAnglesHint.x
      value: 90.00001
      objectReference: {fileID: 0}
    - target: {fileID: 6611413300065922830, guid: 4e88b3d800858f64b9e1c05e0e573f38, type: 3}
      propertyPath: m_LocalEulerAnglesHint.y
      value: 0
      objectReference: {fileID: 0}
    - target: {fileID: 6611413300065922830, guid: 4e88b3d800858f64b9e1c05e0e573f38, type: 3}
      propertyPath: m_LocalEulerAnglesHint.z
      value: 0
      objectReference: {fileID: 0}
    m_RemovedComponents: []
  m_SourcePrefab: {fileID: 100100000, guid: 4e88b3d800858f64b9e1c05e0e573f38, type: 3}
--- !u!224 &451070319 stripped
RectTransform:
  m_CorrespondingSourceObject: {fileID: 5612731566695774984, guid: 8ce057c5f95c4f241814528f08619db2, type: 3}
  m_PrefabInstance: {fileID: 8610972622757282913}
  m_PrefabAsset: {fileID: 0}
--- !u!1001 &494618886
PrefabInstance:
  m_ObjectHideFlags: 0
  serializedVersion: 2
  m_Modification:
    m_TransformParent: {fileID: 1364410767}
    m_Modifications:
    - target: {fileID: 4361392707651793032, guid: 7ad1f7dd784b78b479faa4c7a607755f, type: 3}
      propertyPath: m_Name
      value: PEPlayerURP
      objectReference: {fileID: 0}
    - target: {fileID: 4361392707651793037, guid: 7ad1f7dd784b78b479faa4c7a607755f, type: 3}
      propertyPath: m_RootOrder
      value: 1
      objectReference: {fileID: 0}
    - target: {fileID: 4361392707651793037, guid: 7ad1f7dd784b78b479faa4c7a607755f, type: 3}
      propertyPath: m_LocalPosition.x
      value: 0
      objectReference: {fileID: 0}
    - target: {fileID: 4361392707651793037, guid: 7ad1f7dd784b78b479faa4c7a607755f, type: 3}
      propertyPath: m_LocalPosition.y
      value: 0
      objectReference: {fileID: 0}
    - target: {fileID: 4361392707651793037, guid: 7ad1f7dd784b78b479faa4c7a607755f, type: 3}
      propertyPath: m_LocalPosition.z
      value: 0
      objectReference: {fileID: 0}
    - target: {fileID: 4361392707651793037, guid: 7ad1f7dd784b78b479faa4c7a607755f, type: 3}
      propertyPath: m_LocalRotation.w
      value: 0.7071068
      objectReference: {fileID: 0}
    - target: {fileID: 4361392707651793037, guid: 7ad1f7dd784b78b479faa4c7a607755f, type: 3}
      propertyPath: m_LocalRotation.x
      value: -0.7071068
      objectReference: {fileID: 0}
    - target: {fileID: 4361392707651793037, guid: 7ad1f7dd784b78b479faa4c7a607755f, type: 3}
      propertyPath: m_LocalRotation.y
      value: -0
      objectReference: {fileID: 0}
    - target: {fileID: 4361392707651793037, guid: 7ad1f7dd784b78b479faa4c7a607755f, type: 3}
      propertyPath: m_LocalRotation.z
      value: -0
      objectReference: {fileID: 0}
    - target: {fileID: 4361392707651793037, guid: 7ad1f7dd784b78b479faa4c7a607755f, type: 3}
      propertyPath: m_LocalEulerAnglesHint.x
      value: -90
      objectReference: {fileID: 0}
    - target: {fileID: 4361392707651793037, guid: 7ad1f7dd784b78b479faa4c7a607755f, type: 3}
      propertyPath: m_LocalEulerAnglesHint.y
      value: 0
      objectReference: {fileID: 0}
    - target: {fileID: 4361392707651793037, guid: 7ad1f7dd784b78b479faa4c7a607755f, type: 3}
      propertyPath: m_LocalEulerAnglesHint.z
      value: 0
      objectReference: {fileID: 0}
    - target: {fileID: 4361392707651793038, guid: 7ad1f7dd784b78b479faa4c7a607755f, type: 3}
      propertyPath: useRigidbodyForVelocity
      value: 0
      objectReference: {fileID: 0}
    - target: {fileID: 4361392707651793039, guid: 7ad1f7dd784b78b479faa4c7a607755f, type: 3}
      propertyPath: m_RenderAlignment
      value: 0
      objectReference: {fileID: 0}
    - target: {fileID: 4361392707651793039, guid: 7ad1f7dd784b78b479faa4c7a607755f, type: 3}
      propertyPath: m_Materials.Array.size
      value: 1
      objectReference: {fileID: 0}
    m_RemovedComponents: []
  m_SourcePrefab: {fileID: 100100000, guid: 7ad1f7dd784b78b479faa4c7a607755f, type: 3}
--- !u!1001 &591803420
PrefabInstance:
  m_ObjectHideFlags: 0
  serializedVersion: 2
  m_Modification:
    m_TransformParent: {fileID: 0}
    m_Modifications:
    - target: {fileID: 1000011650438860, guid: df46d658f4b8a744a962018f4cef4d09, type: 3}
      propertyPath: m_Name
      value: RollingFog
      objectReference: {fileID: 0}
    - target: {fileID: 4000012823752678, guid: df46d658f4b8a744a962018f4cef4d09, type: 3}
      propertyPath: m_RootOrder
      value: 4
      objectReference: {fileID: 0}
    - target: {fileID: 4000012823752678, guid: df46d658f4b8a744a962018f4cef4d09, type: 3}
      propertyPath: m_LocalPosition.x
      value: -8.5
      objectReference: {fileID: 0}
    - target: {fileID: 4000012823752678, guid: df46d658f4b8a744a962018f4cef4d09, type: 3}
      propertyPath: m_LocalPosition.y
      value: -0.1
      objectReference: {fileID: 0}
    - target: {fileID: 4000012823752678, guid: df46d658f4b8a744a962018f4cef4d09, type: 3}
      propertyPath: m_LocalPosition.z
      value: 9
      objectReference: {fileID: 0}
    - target: {fileID: 4000012823752678, guid: df46d658f4b8a744a962018f4cef4d09, type: 3}
      propertyPath: m_LocalRotation.w
      value: 0.7071067
      objectReference: {fileID: 0}
    - target: {fileID: 4000012823752678, guid: df46d658f4b8a744a962018f4cef4d09, type: 3}
      propertyPath: m_LocalRotation.x
      value: 0
      objectReference: {fileID: 0}
    - target: {fileID: 4000012823752678, guid: df46d658f4b8a744a962018f4cef4d09, type: 3}
      propertyPath: m_LocalRotation.y
      value: 0
      objectReference: {fileID: 0}
    - target: {fileID: 4000012823752678, guid: df46d658f4b8a744a962018f4cef4d09, type: 3}
      propertyPath: m_LocalRotation.z
      value: 0.7071068
      objectReference: {fileID: 0}
    - target: {fileID: 4000012823752678, guid: df46d658f4b8a744a962018f4cef4d09, type: 3}
      propertyPath: m_LocalEulerAnglesHint.x
      value: 0
      objectReference: {fileID: 0}
    - target: {fileID: 4000012823752678, guid: df46d658f4b8a744a962018f4cef4d09, type: 3}
      propertyPath: m_LocalEulerAnglesHint.y
      value: 0
      objectReference: {fileID: 0}
    - target: {fileID: 4000012823752678, guid: df46d658f4b8a744a962018f4cef4d09, type: 3}
      propertyPath: m_LocalEulerAnglesHint.z
      value: 0
      objectReference: {fileID: 0}
    - target: {fileID: 199000012070541146, guid: df46d658f4b8a744a962018f4cef4d09, type: 3}
      propertyPath: m_Materials.Array.size
      value: 1
      objectReference: {fileID: 0}
    m_RemovedComponents: []
  m_SourcePrefab: {fileID: 100100000, guid: df46d658f4b8a744a962018f4cef4d09, type: 3}
--- !u!4 &651993924 stripped
Transform:
  m_CorrespondingSourceObject: {fileID: 8233693235525684937, guid: 129b5c95bb540d94aa195278234456fe, type: 3}
  m_PrefabInstance: {fileID: 8233693234968604045}
  m_PrefabAsset: {fileID: 0}
--- !u!1 &821966943 stripped
GameObject:
  m_CorrespondingSourceObject: {fileID: 1095622333530675689, guid: c0f22c172489d6c4896879e9a7cde518, type: 3}
  m_PrefabInstance: {fileID: 1876144172}
  m_PrefabAsset: {fileID: 0}
--- !u!114 &821966946
MonoBehaviour:
  m_ObjectHideFlags: 0
  m_CorrespondingSourceObject: {fileID: 0}
  m_PrefabInstance: {fileID: 0}
  m_PrefabAsset: {fileID: 0}
  m_GameObject: {fileID: 821966943}
  m_Enabled: 1
  m_EditorHideFlags: 0
  m_Script: {fileID: 11500000, guid: 1cef5234bb97bc54db2c3493c9d47d98, type: 3}
  m_Name: 
  m_EditorClassIdentifier: 
  playerC: {fileID: 0}
--- !u!1001 &836182997
PrefabInstance:
  m_ObjectHideFlags: 0
  serializedVersion: 2
  m_Modification:
    m_TransformParent: {fileID: 0}
    m_Modifications:
    - target: {fileID: 5815923511184494156, guid: 81ddbbc9dbff3d049ba84c7f26b9a975, type: 3}
      propertyPath: m_RootOrder
      value: 1
      objectReference: {fileID: 0}
    - target: {fileID: 5815923511184494156, guid: 81ddbbc9dbff3d049ba84c7f26b9a975, type: 3}
      propertyPath: m_LocalScale.x
      value: 0.9289955
      objectReference: {fileID: 0}
    - target: {fileID: 5815923511184494156, guid: 81ddbbc9dbff3d049ba84c7f26b9a975, type: 3}
      propertyPath: m_LocalScale.y
      value: 5.46
      objectReference: {fileID: 0}
    - target: {fileID: 5815923511184494156, guid: 81ddbbc9dbff3d049ba84c7f26b9a975, type: 3}
      propertyPath: m_LocalScale.z
      value: 1.3033278
      objectReference: {fileID: 0}
    - target: {fileID: 5815923511184494156, guid: 81ddbbc9dbff3d049ba84c7f26b9a975, type: 3}
      propertyPath: m_LocalPosition.x
      value: 0.8981
      objectReference: {fileID: 0}
    - target: {fileID: 5815923511184494156, guid: 81ddbbc9dbff3d049ba84c7f26b9a975, type: 3}
      propertyPath: m_LocalPosition.y
      value: -0.1682
      objectReference: {fileID: 0}
    - target: {fileID: 5815923511184494156, guid: 81ddbbc9dbff3d049ba84c7f26b9a975, type: 3}
      propertyPath: m_LocalPosition.z
      value: -2.8877
      objectReference: {fileID: 0}
    - target: {fileID: 5815923511184494156, guid: 81ddbbc9dbff3d049ba84c7f26b9a975, type: 3}
      propertyPath: m_LocalRotation.w
      value: 1
      objectReference: {fileID: 0}
    - target: {fileID: 5815923511184494156, guid: 81ddbbc9dbff3d049ba84c7f26b9a975, type: 3}
      propertyPath: m_LocalRotation.x
      value: 0
      objectReference: {fileID: 0}
    - target: {fileID: 5815923511184494156, guid: 81ddbbc9dbff3d049ba84c7f26b9a975, type: 3}
      propertyPath: m_LocalRotation.y
      value: -0
      objectReference: {fileID: 0}
    - target: {fileID: 5815923511184494156, guid: 81ddbbc9dbff3d049ba84c7f26b9a975, type: 3}
      propertyPath: m_LocalRotation.z
      value: -0
      objectReference: {fileID: 0}
    - target: {fileID: 5815923511184494156, guid: 81ddbbc9dbff3d049ba84c7f26b9a975, type: 3}
      propertyPath: m_LocalEulerAnglesHint.x
      value: 0
      objectReference: {fileID: 0}
    - target: {fileID: 5815923511184494156, guid: 81ddbbc9dbff3d049ba84c7f26b9a975, type: 3}
      propertyPath: m_LocalEulerAnglesHint.y
      value: 0
      objectReference: {fileID: 0}
    - target: {fileID: 5815923511184494156, guid: 81ddbbc9dbff3d049ba84c7f26b9a975, type: 3}
      propertyPath: m_LocalEulerAnglesHint.z
      value: 0
      objectReference: {fileID: 0}
    - target: {fileID: 5815923511184494159, guid: 81ddbbc9dbff3d049ba84c7f26b9a975, type: 3}
      propertyPath: m_Name
      value: barrier_oval01 (1)
      objectReference: {fileID: 0}
    - target: {fileID: 5815923511184494159, guid: 81ddbbc9dbff3d049ba84c7f26b9a975, type: 3}
      propertyPath: m_IsActive
      value: 1
      objectReference: {fileID: 0}
    m_RemovedComponents: []
  m_SourcePrefab: {fileID: 100100000, guid: 81ddbbc9dbff3d049ba84c7f26b9a975, type: 3}
--- !u!1 &836182998 stripped
GameObject:
  m_CorrespondingSourceObject: {fileID: 5815923511184494159, guid: 81ddbbc9dbff3d049ba84c7f26b9a975, type: 3}
  m_PrefabInstance: {fileID: 836182997}
  m_PrefabAsset: {fileID: 0}
--- !u!64 &836182999
MeshCollider:
  m_ObjectHideFlags: 0
  m_CorrespondingSourceObject: {fileID: 0}
  m_PrefabInstance: {fileID: 0}
  m_PrefabAsset: {fileID: 0}
  m_GameObject: {fileID: 836182998}
  m_Material: {fileID: 0}
  m_IsTrigger: 0
  m_Enabled: 1
  serializedVersion: 4
  m_Convex: 0
  m_CookingOptions: 30
  m_Mesh: {fileID: 1662139261337968269, guid: 7a5dd480c4d14294193b9421b3b0dea4, type: 3}
--- !u!23 &836183000 stripped
MeshRenderer:
  m_CorrespondingSourceObject: {fileID: 5815923511184494158, guid: 81ddbbc9dbff3d049ba84c7f26b9a975, type: 3}
  m_PrefabInstance: {fileID: 836182997}
  m_PrefabAsset: {fileID: 0}
--- !u!205 &836183001
LODGroup:
  m_ObjectHideFlags: 0
  m_CorrespondingSourceObject: {fileID: 0}
  m_PrefabInstance: {fileID: 0}
  m_PrefabAsset: {fileID: 0}
  m_GameObject: {fileID: 836182998}
  serializedVersion: 2
  m_LocalReferencePoint: {x: 0.0000038146973, y: 1.6087153, z: -0.0000038146973}
  m_Size: 53.87503
  m_FadeMode: 0
  m_AnimateCrossFading: 0
  m_LastLODIsBillboard: 0
  m_LODs:
  - screenRelativeHeight: 0.78665626
    fadeTransitionWidth: 0
    renderers:
    - renderer: {fileID: 836183000}
  m_Enabled: 1
--- !u!1001 &985184887
PrefabInstance:
  m_ObjectHideFlags: 0
  serializedVersion: 2
  m_Modification:
    m_TransformParent: {fileID: 0}
    m_Modifications:
    - target: {fileID: 143440427145986628, guid: 7e5fcb59aa614dd4abff8e628ff47bfb, type: 3}
      propertyPath: m_Name
      value: GoblinSpawn
      objectReference: {fileID: 0}
    - target: {fileID: 143440427145986629, guid: 7e5fcb59aa614dd4abff8e628ff47bfb, type: 3}
      propertyPath: m_RootOrder
      value: 12
      objectReference: {fileID: 0}
    - target: {fileID: 143440427145986629, guid: 7e5fcb59aa614dd4abff8e628ff47bfb, type: 3}
      propertyPath: m_LocalPosition.x
      value: 17.55
      objectReference: {fileID: 0}
    - target: {fileID: 143440427145986629, guid: 7e5fcb59aa614dd4abff8e628ff47bfb, type: 3}
      propertyPath: m_LocalPosition.y
      value: 0
      objectReference: {fileID: 0}
    - target: {fileID: 143440427145986629, guid: 7e5fcb59aa614dd4abff8e628ff47bfb, type: 3}
      propertyPath: m_LocalPosition.z
      value: -18.6
      objectReference: {fileID: 0}
    - target: {fileID: 143440427145986629, guid: 7e5fcb59aa614dd4abff8e628ff47bfb, type: 3}
      propertyPath: m_LocalRotation.w
      value: 1
      objectReference: {fileID: 0}
    - target: {fileID: 143440427145986629, guid: 7e5fcb59aa614dd4abff8e628ff47bfb, type: 3}
      propertyPath: m_LocalRotation.x
      value: 0
      objectReference: {fileID: 0}
    - target: {fileID: 143440427145986629, guid: 7e5fcb59aa614dd4abff8e628ff47bfb, type: 3}
      propertyPath: m_LocalRotation.y
      value: 0
      objectReference: {fileID: 0}
    - target: {fileID: 143440427145986629, guid: 7e5fcb59aa614dd4abff8e628ff47bfb, type: 3}
      propertyPath: m_LocalRotation.z
      value: 0
      objectReference: {fileID: 0}
    - target: {fileID: 143440427145986629, guid: 7e5fcb59aa614dd4abff8e628ff47bfb, type: 3}
      propertyPath: m_LocalEulerAnglesHint.x
      value: 0
      objectReference: {fileID: 0}
    - target: {fileID: 143440427145986629, guid: 7e5fcb59aa614dd4abff8e628ff47bfb, type: 3}
      propertyPath: m_LocalEulerAnglesHint.y
      value: 0
      objectReference: {fileID: 0}
    - target: {fileID: 143440427145986629, guid: 7e5fcb59aa614dd4abff8e628ff47bfb, type: 3}
      propertyPath: m_LocalEulerAnglesHint.z
      value: 0
      objectReference: {fileID: 0}
    m_RemovedComponents: []
  m_SourcePrefab: {fileID: 100100000, guid: 7e5fcb59aa614dd4abff8e628ff47bfb, type: 3}
--- !u!4 &985184888 stripped
Transform:
  m_CorrespondingSourceObject: {fileID: 143440427145986629, guid: 7e5fcb59aa614dd4abff8e628ff47bfb, type: 3}
  m_PrefabInstance: {fileID: 985184887}
  m_PrefabAsset: {fileID: 0}
--- !u!1 &1022961251
GameObject:
  m_ObjectHideFlags: 0
  m_CorrespondingSourceObject: {fileID: 0}
  m_PrefabInstance: {fileID: 0}
  m_PrefabAsset: {fileID: 0}
  serializedVersion: 6
  m_Component:
  - component: {fileID: 1022961254}
  - component: {fileID: 1022961253}
  - component: {fileID: 1022961252}
  m_Layer: 0
  m_Name: EventSystem
  m_TagString: Untagged
  m_Icon: {fileID: 0}
  m_NavMeshLayer: 0
  m_StaticEditorFlags: 0
  m_IsActive: 1
--- !u!114 &1022961252
MonoBehaviour:
  m_ObjectHideFlags: 0
  m_CorrespondingSourceObject: {fileID: 0}
  m_PrefabInstance: {fileID: 0}
  m_PrefabAsset: {fileID: 0}
  m_GameObject: {fileID: 1022961251}
  m_Enabled: 1
  m_EditorHideFlags: 0
  m_Script: {fileID: 11500000, guid: 4f231c4fb786f3946a6b90b886c48677, type: 3}
  m_Name: 
  m_EditorClassIdentifier: 
  m_HorizontalAxis: Horizontal
  m_VerticalAxis: Vertical
  m_SubmitButton: Submit
  m_CancelButton: Cancel
  m_InputActionsPerSecond: 10
  m_RepeatDelay: 0.5
  m_ForceModuleActive: 0
--- !u!114 &1022961253
MonoBehaviour:
  m_ObjectHideFlags: 0
  m_CorrespondingSourceObject: {fileID: 0}
  m_PrefabInstance: {fileID: 0}
  m_PrefabAsset: {fileID: 0}
  m_GameObject: {fileID: 1022961251}
  m_Enabled: 1
  m_EditorHideFlags: 0
  m_Script: {fileID: 11500000, guid: 76c392e42b5098c458856cdf6ecaaaa1, type: 3}
  m_Name: 
  m_EditorClassIdentifier: 
  m_FirstSelected: {fileID: 0}
  m_sendNavigationEvents: 1
  m_DragThreshold: 10
--- !u!4 &1022961254
Transform:
  m_ObjectHideFlags: 0
  m_CorrespondingSourceObject: {fileID: 0}
  m_PrefabInstance: {fileID: 0}
  m_PrefabAsset: {fileID: 0}
  m_GameObject: {fileID: 1022961251}
  m_LocalRotation: {x: 0, y: 0, z: 0, w: 1}
  m_LocalPosition: {x: 0, y: 0, z: 0}
  m_LocalScale: {x: 1, y: 1, z: 1}
  m_Children: []
  m_Father: {fileID: 0}
  m_RootOrder: 7
  m_LocalEulerAnglesHint: {x: 0, y: 0, z: 0}
--- !u!1001 &1055562237
PrefabInstance:
  m_ObjectHideFlags: 0
  serializedVersion: 2
  m_Modification:
    m_TransformParent: {fileID: 0}
    m_Modifications:
    - target: {fileID: 143440427145986628, guid: 7e5fcb59aa614dd4abff8e628ff47bfb, type: 3}
      propertyPath: m_Name
      value: TrentSpawn
      objectReference: {fileID: 0}
    - target: {fileID: 143440427145986629, guid: 7e5fcb59aa614dd4abff8e628ff47bfb, type: 3}
      propertyPath: m_RootOrder
      value: 13
      objectReference: {fileID: 0}
    - target: {fileID: 143440427145986629, guid: 7e5fcb59aa614dd4abff8e628ff47bfb, type: 3}
      propertyPath: m_LocalPosition.x
      value: 1.62
      objectReference: {fileID: 0}
    - target: {fileID: 143440427145986629, guid: 7e5fcb59aa614dd4abff8e628ff47bfb, type: 3}
      propertyPath: m_LocalPosition.y
      value: 0
      objectReference: {fileID: 0}
    - target: {fileID: 143440427145986629, guid: 7e5fcb59aa614dd4abff8e628ff47bfb, type: 3}
      propertyPath: m_LocalPosition.z
      value: -18.5
      objectReference: {fileID: 0}
    - target: {fileID: 143440427145986629, guid: 7e5fcb59aa614dd4abff8e628ff47bfb, type: 3}
      propertyPath: m_LocalRotation.w
      value: 1
      objectReference: {fileID: 0}
    - target: {fileID: 143440427145986629, guid: 7e5fcb59aa614dd4abff8e628ff47bfb, type: 3}
      propertyPath: m_LocalRotation.x
      value: 0
      objectReference: {fileID: 0}
    - target: {fileID: 143440427145986629, guid: 7e5fcb59aa614dd4abff8e628ff47bfb, type: 3}
      propertyPath: m_LocalRotation.y
      value: 0
      objectReference: {fileID: 0}
    - target: {fileID: 143440427145986629, guid: 7e5fcb59aa614dd4abff8e628ff47bfb, type: 3}
      propertyPath: m_LocalRotation.z
      value: 0
      objectReference: {fileID: 0}
    - target: {fileID: 143440427145986629, guid: 7e5fcb59aa614dd4abff8e628ff47bfb, type: 3}
      propertyPath: m_LocalEulerAnglesHint.x
      value: 0
      objectReference: {fileID: 0}
    - target: {fileID: 143440427145986629, guid: 7e5fcb59aa614dd4abff8e628ff47bfb, type: 3}
      propertyPath: m_LocalEulerAnglesHint.y
      value: 0
      objectReference: {fileID: 0}
    - target: {fileID: 143440427145986629, guid: 7e5fcb59aa614dd4abff8e628ff47bfb, type: 3}
      propertyPath: m_LocalEulerAnglesHint.z
      value: 0
      objectReference: {fileID: 0}
    m_RemovedComponents: []
  m_SourcePrefab: {fileID: 100100000, guid: 7e5fcb59aa614dd4abff8e628ff47bfb, type: 3}
--- !u!4 &1055562238 stripped
Transform:
  m_CorrespondingSourceObject: {fileID: 143440427145986629, guid: 7e5fcb59aa614dd4abff8e628ff47bfb, type: 3}
  m_PrefabInstance: {fileID: 1055562237}
  m_PrefabAsset: {fileID: 0}
--- !u!114 &1156935215 stripped
MonoBehaviour:
  m_CorrespondingSourceObject: {fileID: 8192049702019873299, guid: ba2ca47013630e44d8baa809f3471b5f, type: 3}
  m_PrefabInstance: {fileID: 8192049700888138812}
  m_PrefabAsset: {fileID: 0}
  m_GameObject: {fileID: 0}
  m_Enabled: 1
  m_EditorHideFlags: 0
  m_Script: {fileID: 11500000, guid: f270a682314327d459514c5412196506, type: 3}
  m_Name: 
  m_EditorClassIdentifier: 
--- !u!1 &1326191603
GameObject:
  m_ObjectHideFlags: 0
  m_CorrespondingSourceObject: {fileID: 0}
  m_PrefabInstance: {fileID: 0}
  m_PrefabAsset: {fileID: 0}
  serializedVersion: 6
  m_Component:
  - component: {fileID: 1326191607}
  - component: {fileID: 1326191606}
  - component: {fileID: 1326191605}
  - component: {fileID: 1326191604}
  m_Layer: 9
  m_Name: Cube
  m_TagString: Untagged
  m_Icon: {fileID: 0}
  m_NavMeshLayer: 0
  m_StaticEditorFlags: 0
  m_IsActive: 1
--- !u!65 &1326191604
BoxCollider:
  m_ObjectHideFlags: 0
  m_CorrespondingSourceObject: {fileID: 0}
  m_PrefabInstance: {fileID: 0}
  m_PrefabAsset: {fileID: 0}
  m_GameObject: {fileID: 1326191603}
  m_Material: {fileID: 0}
  m_IsTrigger: 0
  m_Enabled: 1
  serializedVersion: 2
  m_Size: {x: 1, y: 1, z: 1}
  m_Center: {x: 0, y: 0, z: 0}
--- !u!23 &1326191605
MeshRenderer:
  m_ObjectHideFlags: 0
  m_CorrespondingSourceObject: {fileID: 0}
  m_PrefabInstance: {fileID: 0}
  m_PrefabAsset: {fileID: 0}
  m_GameObject: {fileID: 1326191603}
  m_Enabled: 1
  m_CastShadows: 1
  m_ReceiveShadows: 1
  m_DynamicOccludee: 1
  m_MotionVectors: 1
  m_LightProbeUsage: 1
  m_ReflectionProbeUsage: 1
  m_RayTracingMode: 2
  m_RayTraceProcedural: 0
  m_RenderingLayerMask: 1
  m_RendererPriority: 0
  m_Materials:
  - {fileID: 2100000, guid: 31321ba15b8f8eb4c954353edc038b1d, type: 2}
  m_StaticBatchInfo:
    firstSubMesh: 0
    subMeshCount: 0
  m_StaticBatchRoot: {fileID: 0}
  m_ProbeAnchor: {fileID: 0}
  m_LightProbeVolumeOverride: {fileID: 0}
  m_ScaleInLightmap: 1
  m_ReceiveGI: 1
  m_PreserveUVs: 0
  m_IgnoreNormalsForChartDetection: 0
  m_ImportantGI: 0
  m_StitchLightmapSeams: 1
  m_SelectedEditorRenderState: 3
  m_MinimumChartSize: 4
  m_AutoUVMaxDistance: 0.5
  m_AutoUVMaxAngle: 89
  m_LightmapParameters: {fileID: 0}
  m_SortingLayerID: 0
  m_SortingLayer: 0
  m_SortingOrder: 0
  m_AdditionalVertexStreams: {fileID: 0}
--- !u!33 &1326191606
MeshFilter:
  m_ObjectHideFlags: 0
  m_CorrespondingSourceObject: {fileID: 0}
  m_PrefabInstance: {fileID: 0}
  m_PrefabAsset: {fileID: 0}
  m_GameObject: {fileID: 1326191603}
  m_Mesh: {fileID: 10202, guid: 0000000000000000e000000000000000, type: 0}
--- !u!4 &1326191607
Transform:
  m_ObjectHideFlags: 0
  m_CorrespondingSourceObject: {fileID: 0}
  m_PrefabInstance: {fileID: 0}
  m_PrefabAsset: {fileID: 0}
  m_GameObject: {fileID: 1326191603}
  m_LocalRotation: {x: 0, y: 0, z: 0, w: 1}
  m_LocalPosition: {x: -9.2, y: 1.6, z: 0}
  m_LocalScale: {x: 5, y: 5, z: 1}
  m_Children: []
  m_Father: {fileID: 0}
  m_RootOrder: 8
  m_LocalEulerAnglesHint: {x: 0, y: 0, z: 0}
--- !u!1 &1343855861
GameObject:
  m_ObjectHideFlags: 0
  m_CorrespondingSourceObject: {fileID: 0}
  m_PrefabInstance: {fileID: 0}
  m_PrefabAsset: {fileID: 0}
  serializedVersion: 6
  m_Component:
  - component: {fileID: 1343855865}
  - component: {fileID: 1343855864}
  - component: {fileID: 1343855863}
  - component: {fileID: 1343855862}
  m_Layer: 5
  m_Name: Canvas
  m_TagString: Untagged
  m_Icon: {fileID: 0}
  m_NavMeshLayer: 0
  m_StaticEditorFlags: 0
  m_IsActive: 1
--- !u!114 &1343855862
MonoBehaviour:
  m_ObjectHideFlags: 0
  m_CorrespondingSourceObject: {fileID: 0}
  m_PrefabInstance: {fileID: 0}
  m_PrefabAsset: {fileID: 0}
  m_GameObject: {fileID: 1343855861}
  m_Enabled: 1
  m_EditorHideFlags: 0
  m_Script: {fileID: 11500000, guid: dc42784cf147c0c48a680349fa168899, type: 3}
  m_Name: 
  m_EditorClassIdentifier: 
  m_IgnoreReversedGraphics: 1
  m_BlockingObjects: 0
  m_BlockingMask:
    serializedVersion: 2
    m_Bits: 1015
--- !u!114 &1343855863
MonoBehaviour:
  m_ObjectHideFlags: 0
  m_CorrespondingSourceObject: {fileID: 0}
  m_PrefabInstance: {fileID: 0}
  m_PrefabAsset: {fileID: 0}
  m_GameObject: {fileID: 1343855861}
  m_Enabled: 1
  m_EditorHideFlags: 0
  m_Script: {fileID: 11500000, guid: 0cd44c1031e13a943bb63640046fad76, type: 3}
  m_Name: 
  m_EditorClassIdentifier: 
  m_UiScaleMode: 0
  m_ReferencePixelsPerUnit: 100
  m_ScaleFactor: 1
  m_ReferenceResolution: {x: 800, y: 600}
  m_ScreenMatchMode: 0
  m_MatchWidthOrHeight: 0
  m_PhysicalUnit: 3
  m_FallbackScreenDPI: 96
  m_DefaultSpriteDPI: 96
  m_DynamicPixelsPerUnit: 1
  m_PresetInfoIsWorld: 0
--- !u!223 &1343855864
Canvas:
  m_ObjectHideFlags: 0
  m_CorrespondingSourceObject: {fileID: 0}
  m_PrefabInstance: {fileID: 0}
  m_PrefabAsset: {fileID: 0}
  m_GameObject: {fileID: 1343855861}
  m_Enabled: 1
  serializedVersion: 3
  m_RenderMode: 0
  m_Camera: {fileID: 0}
  m_PlaneDistance: 100
  m_PixelPerfect: 0
  m_ReceivesEvents: 1
  m_OverrideSorting: 0
  m_OverridePixelPerfect: 0
  m_SortingBucketNormalizedSize: 0
  m_AdditionalShaderChannelsFlag: 25
  m_SortingLayerID: 0
  m_SortingOrder: 0
  m_TargetDisplay: 0
--- !u!224 &1343855865
RectTransform:
  m_ObjectHideFlags: 0
  m_CorrespondingSourceObject: {fileID: 0}
  m_PrefabInstance: {fileID: 0}
  m_PrefabAsset: {fileID: 0}
  m_GameObject: {fileID: 1343855861}
  m_LocalRotation: {x: 0, y: 0, z: 0, w: 1}
  m_LocalPosition: {x: 0, y: 0, z: 0}
  m_LocalScale: {x: 0, y: 0, z: 0}
  m_Children:
  - {fileID: 1418665616}
  m_Father: {fileID: 0}
  m_RootOrder: 6
  m_LocalEulerAnglesHint: {x: 0, y: 0, z: 0}
  m_AnchorMin: {x: 0, y: 0}
  m_AnchorMax: {x: 0, y: 0}
  m_AnchoredPosition: {x: 0, y: 0}
  m_SizeDelta: {x: 0, y: 0}
  m_Pivot: {x: 0, y: 0}
--- !u!4 &1364410767 stripped
Transform:
  m_CorrespondingSourceObject: {fileID: 5736390251847713014, guid: c0f22c172489d6c4896879e9a7cde518, type: 3}
  m_PrefabInstance: {fileID: 1876144172}
  m_PrefabAsset: {fileID: 0}
--- !u!1 &1418665615
GameObject:
  m_ObjectHideFlags: 0
  m_CorrespondingSourceObject: {fileID: 0}
  m_PrefabInstance: {fileID: 0}
  m_PrefabAsset: {fileID: 0}
  serializedVersion: 6
  m_Component:
  - component: {fileID: 1418665616}
  m_Layer: 5
  m_Name: TopPanel
  m_TagString: Untagged
  m_Icon: {fileID: 0}
  m_NavMeshLayer: 0
  m_StaticEditorFlags: 0
  m_IsActive: 1
--- !u!224 &1418665616
RectTransform:
  m_ObjectHideFlags: 0
  m_CorrespondingSourceObject: {fileID: 0}
  m_PrefabInstance: {fileID: 0}
  m_PrefabAsset: {fileID: 0}
  m_GameObject: {fileID: 1418665615}
  m_LocalRotation: {x: 0, y: 0, z: 0, w: 1}
  m_LocalPosition: {x: 0, y: 0, z: 0}
  m_LocalScale: {x: 1, y: 1, z: 1}
  m_Children:
  - {fileID: 1719298592}
  - {fileID: 451070319}
  m_Father: {fileID: 1343855865}
  m_RootOrder: 0
  m_LocalEulerAnglesHint: {x: 0, y: 0, z: 0}
  m_AnchorMin: {x: 0, y: 1}
  m_AnchorMax: {x: 1, y: 1}
  m_AnchoredPosition: {x: 0, y: 0}
  m_SizeDelta: {x: 0, y: 50}
  m_Pivot: {x: 0.5, y: 1}
--- !u!4 &1516840386 stripped
Transform:
  m_CorrespondingSourceObject: {fileID: 2357120465885416139, guid: 0821bee2190bfff44b4b31a29f0b87fa, type: 3}
  m_PrefabInstance: {fileID: 2357120466584235785}
  m_PrefabAsset: {fileID: 0}
--- !u!224 &1719298592 stripped
RectTransform:
  m_CorrespondingSourceObject: {fileID: 9017848221769424978, guid: 124df52128b5c1e41afe296d728432a6, type: 3}
  m_PrefabInstance: {fileID: 9017848221326510706}
  m_PrefabAsset: {fileID: 0}
--- !u!1 &1739688337
GameObject:
  m_ObjectHideFlags: 0
  m_CorrespondingSourceObject: {fileID: 0}
  m_PrefabInstance: {fileID: 0}
  m_PrefabAsset: {fileID: 0}
  serializedVersion: 6
  m_Component:
  - component: {fileID: 1739688338}
  - component: {fileID: 1739688339}
  m_Layer: 0
  m_Name: -----MANAGERS-----
  m_TagString: Untagged
  m_Icon: {fileID: 0}
  m_NavMeshLayer: 0
  m_StaticEditorFlags: 0
  m_IsActive: 1
--- !u!4 &1739688338
Transform:
  m_ObjectHideFlags: 0
  m_CorrespondingSourceObject: {fileID: 0}
  m_PrefabInstance: {fileID: 0}
  m_PrefabAsset: {fileID: 0}
  m_GameObject: {fileID: 1739688337}
  m_LocalRotation: {x: 0, y: 0, z: 0, w: 1}
  m_LocalPosition: {x: -17.13778, y: 3.9023914, z: -17.630974}
  m_LocalScale: {x: 1, y: 1, z: 1}
  m_Children:
  - {fileID: 8192049700888138813}
  - {fileID: 1516840386}
  - {fileID: 329050419}
  - {fileID: 651993924}
  m_Father: {fileID: 0}
  m_RootOrder: 15
  m_LocalEulerAnglesHint: {x: 0, y: 0, z: 0}
--- !u!114 &1739688339
MonoBehaviour:
  m_ObjectHideFlags: 0
  m_CorrespondingSourceObject: {fileID: 0}
  m_PrefabInstance: {fileID: 0}
  m_PrefabAsset: {fileID: 0}
  m_GameObject: {fileID: 1739688337}
  m_Enabled: 1
  m_EditorHideFlags: 0
  m_Script: {fileID: 11500000, guid: 7d2b937b0f64a2441a95b850f1002b3f, type: 3}
  m_Name: 
  m_EditorClassIdentifier: 
  gameplayUIPanel:
  - {fileID: 0}
  classHUD: {fileID: 0}
  mapPrefab: {fileID: 0}
  damagePopupContainer: {fileID: 0}
  damageTemplate: {fileID: 0}
  menu: {fileID: 0}
  feedReportTemplate: {fileID: 0}
  container: {fileID: 0}
  goldIcon: {fileID: 0}
  expIcon: {fileID: 0}
  clientPlayer: {fileID: 0}
  respawnTimer: 1
  respawnPanel: {fileID: 0}
  respawnClock: {fileID: 0}
--- !u!114 &1840494882 stripped
MonoBehaviour:
  m_CorrespondingSourceObject: {fileID: 8053636887346815785, guid: 5f78a01e63c81a54e85b29b76a6230fb, type: 3}
  m_PrefabInstance: {fileID: 112502755}
  m_PrefabAsset: {fileID: 0}
  m_GameObject: {fileID: 0}
  m_Enabled: 1
  m_EditorHideFlags: 0
  m_Script: {fileID: 11500000, guid: 3078e1d54ce14e44f8bb2e7ef0dc6950, type: 3}
  m_Name: 
  m_EditorClassIdentifier: 
--- !u!4 &1840494886 stripped
Transform:
  m_CorrespondingSourceObject: {fileID: 1706455312216612966, guid: 5f78a01e63c81a54e85b29b76a6230fb, type: 3}
  m_PrefabInstance: {fileID: 112502755}
  m_PrefabAsset: {fileID: 0}
--- !u!1001 &1876144172
PrefabInstance:
  m_ObjectHideFlags: 0
  serializedVersion: 2
  m_Modification:
    m_TransformParent: {fileID: 0}
    m_Modifications:
    - target: {fileID: 3349035566545460834, guid: c0f22c172489d6c4896879e9a7cde518, type: 3}
      propertyPath: m_Name
      value: Archer
      objectReference: {fileID: 0}
    - target: {fileID: 3349035566545460834, guid: c0f22c172489d6c4896879e9a7cde518, type: 3}
      propertyPath: m_IsActive
      value: 0
      objectReference: {fileID: 0}
    - target: {fileID: 3349035566545460835, guid: c0f22c172489d6c4896879e9a7cde518, type: 3}
      propertyPath: m_Material
      value: 
      objectReference: {fileID: 0}
    - target: {fileID: 3349035566545460839, guid: c0f22c172489d6c4896879e9a7cde518, type: 3}
      propertyPath: sceneViewId
      value: 2
      objectReference: {fileID: 0}
    - target: {fileID: 3349035566545460839, guid: c0f22c172489d6c4896879e9a7cde518, type: 3}
      propertyPath: ObservedComponents.Array.data[1]
      value: 
      objectReference: {fileID: 1876144174}
    - target: {fileID: 3349035566545460839, guid: c0f22c172489d6c4896879e9a7cde518, type: 3}
      propertyPath: ObservedComponents.Array.data[2]
      value: 
      objectReference: {fileID: 1876144173}
    - target: {fileID: 4414953520364609419, guid: c0f22c172489d6c4896879e9a7cde518, type: 3}
      propertyPath: m_RootOrder
      value: 2
      objectReference: {fileID: 0}
    - target: {fileID: 5736390251847713014, guid: c0f22c172489d6c4896879e9a7cde518, type: 3}
      propertyPath: m_RootOrder
      value: 3
      objectReference: {fileID: 0}
    - target: {fileID: 5736390251847713014, guid: c0f22c172489d6c4896879e9a7cde518, type: 3}
      propertyPath: m_LocalPosition.x
      value: 0
      objectReference: {fileID: 0}
    - target: {fileID: 5736390251847713014, guid: c0f22c172489d6c4896879e9a7cde518, type: 3}
      propertyPath: m_LocalPosition.y
      value: 0
      objectReference: {fileID: 0}
    - target: {fileID: 5736390251847713014, guid: c0f22c172489d6c4896879e9a7cde518, type: 3}
      propertyPath: m_LocalPosition.z
      value: 0
      objectReference: {fileID: 0}
    - target: {fileID: 5736390251847713014, guid: c0f22c172489d6c4896879e9a7cde518, type: 3}
      propertyPath: m_LocalRotation.w
      value: 1
      objectReference: {fileID: 0}
    - target: {fileID: 5736390251847713014, guid: c0f22c172489d6c4896879e9a7cde518, type: 3}
      propertyPath: m_LocalRotation.x
      value: 0
      objectReference: {fileID: 0}
    - target: {fileID: 5736390251847713014, guid: c0f22c172489d6c4896879e9a7cde518, type: 3}
      propertyPath: m_LocalRotation.y
      value: 0
      objectReference: {fileID: 0}
    - target: {fileID: 5736390251847713014, guid: c0f22c172489d6c4896879e9a7cde518, type: 3}
      propertyPath: m_LocalRotation.z
      value: 0
      objectReference: {fileID: 0}
    - target: {fileID: 5736390251847713014, guid: c0f22c172489d6c4896879e9a7cde518, type: 3}
      propertyPath: m_LocalEulerAnglesHint.x
      value: 0
      objectReference: {fileID: 0}
    - target: {fileID: 5736390251847713014, guid: c0f22c172489d6c4896879e9a7cde518, type: 3}
      propertyPath: m_LocalEulerAnglesHint.y
      value: 0
      objectReference: {fileID: 0}
    - target: {fileID: 5736390251847713014, guid: c0f22c172489d6c4896879e9a7cde518, type: 3}
      propertyPath: m_LocalEulerAnglesHint.z
      value: 0
      objectReference: {fileID: 0}
    m_RemovedComponents: []
  m_SourcePrefab: {fileID: 100100000, guid: c0f22c172489d6c4896879e9a7cde518, type: 3}
--- !u!114 &1876144173 stripped
MonoBehaviour:
  m_CorrespondingSourceObject: {fileID: 7279597657148863413, guid: c0f22c172489d6c4896879e9a7cde518, type: 3}
  m_PrefabInstance: {fileID: 1876144172}
  m_PrefabAsset: {fileID: 0}
  m_GameObject: {fileID: 0}
  m_Enabled: 1
  m_EditorHideFlags: 0
  m_Script: {fileID: 11500000, guid: 3078e1d54ce14e44f8bb2e7ef0dc6950, type: 3}
  m_Name: 
  m_EditorClassIdentifier: 
--- !u!114 &1876144174 stripped
MonoBehaviour:
  m_CorrespondingSourceObject: {fileID: 2379532084657337506, guid: c0f22c172489d6c4896879e9a7cde518, type: 3}
  m_PrefabInstance: {fileID: 1876144172}
  m_PrefabAsset: {fileID: 0}
  m_GameObject: {fileID: 0}
  m_Enabled: 1
  m_EditorHideFlags: 0
  m_Script: {fileID: 11500000, guid: 9b8c4a61274f60b4ea5fb4299cfdbf14, type: 3}
  m_Name: 
  m_EditorClassIdentifier: 
--- !u!1 &1987604120
GameObject:
  m_ObjectHideFlags: 0
  m_CorrespondingSourceObject: {fileID: 0}
  m_PrefabInstance: {fileID: 0}
  m_PrefabAsset: {fileID: 0}
  serializedVersion: 6
  m_Component:
  - component: {fileID: 1987604124}
  - component: {fileID: 1987604123}
  - component: {fileID: 1987604122}
  - component: {fileID: 1987604121}
  m_Layer: 9
  m_Name: Cube (1)
  m_TagString: Untagged
  m_Icon: {fileID: 0}
  m_NavMeshLayer: 0
  m_StaticEditorFlags: 0
  m_IsActive: 1
--- !u!65 &1987604121
BoxCollider:
  m_ObjectHideFlags: 0
  m_CorrespondingSourceObject: {fileID: 0}
  m_PrefabInstance: {fileID: 0}
  m_PrefabAsset: {fileID: 0}
  m_GameObject: {fileID: 1987604120}
  m_Material: {fileID: 0}
  m_IsTrigger: 0
  m_Enabled: 1
  serializedVersion: 2
  m_Size: {x: 1, y: 1, z: 1}
  m_Center: {x: 0, y: 0, z: 0}
--- !u!23 &1987604122
MeshRenderer:
  m_ObjectHideFlags: 0
  m_CorrespondingSourceObject: {fileID: 0}
  m_PrefabInstance: {fileID: 0}
  m_PrefabAsset: {fileID: 0}
  m_GameObject: {fileID: 1987604120}
  m_Enabled: 1
  m_CastShadows: 1
  m_ReceiveShadows: 1
  m_DynamicOccludee: 1
  m_MotionVectors: 1
  m_LightProbeUsage: 1
  m_ReflectionProbeUsage: 1
  m_RayTracingMode: 2
  m_RayTraceProcedural: 0
  m_RenderingLayerMask: 1
  m_RendererPriority: 0
  m_Materials:
  - {fileID: 2100000, guid: 31321ba15b8f8eb4c954353edc038b1d, type: 2}
  m_StaticBatchInfo:
    firstSubMesh: 0
    subMeshCount: 0
  m_StaticBatchRoot: {fileID: 0}
  m_ProbeAnchor: {fileID: 0}
  m_LightProbeVolumeOverride: {fileID: 0}
  m_ScaleInLightmap: 1
  m_ReceiveGI: 1
  m_PreserveUVs: 0
  m_IgnoreNormalsForChartDetection: 0
  m_ImportantGI: 0
  m_StitchLightmapSeams: 1
  m_SelectedEditorRenderState: 3
  m_MinimumChartSize: 4
  m_AutoUVMaxDistance: 0.5
  m_AutoUVMaxAngle: 89
  m_LightmapParameters: {fileID: 0}
  m_SortingLayerID: 0
  m_SortingLayer: 0
  m_SortingOrder: 0
  m_AdditionalVertexStreams: {fileID: 0}
--- !u!33 &1987604123
MeshFilter:
  m_ObjectHideFlags: 0
  m_CorrespondingSourceObject: {fileID: 0}
  m_PrefabInstance: {fileID: 0}
  m_PrefabAsset: {fileID: 0}
  m_GameObject: {fileID: 1987604120}
  m_Mesh: {fileID: 10202, guid: 0000000000000000e000000000000000, type: 0}
--- !u!4 &1987604124
Transform:
  m_ObjectHideFlags: 0
  m_CorrespondingSourceObject: {fileID: 0}
  m_PrefabInstance: {fileID: 0}
  m_PrefabAsset: {fileID: 0}
  m_GameObject: {fileID: 1987604120}
  m_LocalRotation: {x: 0.27088505, y: -0, z: -0, w: 0.9626118}
  m_LocalPosition: {x: 11.2, y: 1.6, z: 0}
  m_LocalScale: {x: 5, y: 5, z: 1}
  m_Children: []
  m_Father: {fileID: 0}
  m_RootOrder: 9
  m_LocalEulerAnglesHint: {x: 31.434, y: 0, z: 0}
--- !u!1 &2038901601
GameObject:
  m_ObjectHideFlags: 0
  m_CorrespondingSourceObject: {fileID: 0}
  m_PrefabInstance: {fileID: 0}
  m_PrefabAsset: {fileID: 0}
  serializedVersion: 6
  m_Component:
  - component: {fileID: 2038901603}
  - component: {fileID: 2038901602}
  m_Layer: 0
  m_Name: Directional Light
  m_TagString: Untagged
  m_Icon: {fileID: 0}
  m_NavMeshLayer: 0
  m_StaticEditorFlags: 0
  m_IsActive: 1
--- !u!108 &2038901602
Light:
  m_ObjectHideFlags: 0
  m_CorrespondingSourceObject: {fileID: 0}
  m_PrefabInstance: {fileID: 0}
  m_PrefabAsset: {fileID: 0}
  m_GameObject: {fileID: 2038901601}
  m_Enabled: 1
  serializedVersion: 10
  m_Type: 1
  m_Shape: 0
  m_Color: {r: 1, g: 0.95686275, b: 0.8392157, a: 1}
  m_Intensity: 1
  m_Range: 10
  m_SpotAngle: 30
  m_InnerSpotAngle: 21.80208
  m_CookieSize: 10
  m_Shadows:
    m_Type: 2
    m_Resolution: -1
    m_CustomResolution: -1
    m_Strength: 1
    m_Bias: 0.05
    m_NormalBias: 0.4
    m_NearPlane: 0.2
    m_CullingMatrixOverride:
      e00: 1
      e01: 0
      e02: 0
      e03: 0
      e10: 0
      e11: 1
      e12: 0
      e13: 0
      e20: 0
      e21: 0
      e22: 1
      e23: 0
      e30: 0
      e31: 0
      e32: 0
      e33: 1
    m_UseCullingMatrixOverride: 0
  m_Cookie: {fileID: 0}
  m_DrawHalo: 0
  m_Flare: {fileID: 0}
  m_RenderMode: 0
  m_CullingMask:
    serializedVersion: 2
    m_Bits: 4294967295
  m_RenderingLayerMask: 1
  m_Lightmapping: 4
  m_LightShadowCasterMode: 0
  m_AreaSize: {x: 1, y: 1}
  m_BounceIntensity: 1
  m_ColorTemperature: 6570
  m_UseColorTemperature: 0
  m_BoundingSphereOverride: {x: 0, y: 0, z: 0, w: 0}
  m_UseBoundingSphereOverride: 0
  m_UseViewFrustumForShadowCasterCull: 1
  m_ShadowRadius: 0
  m_ShadowAngle: 0
--- !u!4 &2038901603
Transform:
  m_ObjectHideFlags: 0
  m_CorrespondingSourceObject: {fileID: 0}
  m_PrefabInstance: {fileID: 0}
  m_PrefabAsset: {fileID: 0}
  m_GameObject: {fileID: 2038901601}
  m_LocalRotation: {x: 0.40821788, y: -0.23456968, z: 0.10938163, w: 0.8754261}
  m_LocalPosition: {x: 0, y: 3, z: 0}
  m_LocalScale: {x: 1, y: 1, z: 1}
  m_Children: []
  m_Father: {fileID: 0}
  m_RootOrder: 5
  m_LocalEulerAnglesHint: {x: 50, y: -30, z: 0}
--- !u!1001 &2044401710
PrefabInstance:
  m_ObjectHideFlags: 0
  serializedVersion: 2
  m_Modification:
    m_TransformParent: {fileID: 0}
    m_Modifications:
    - target: {fileID: 143440427145986628, guid: 7e5fcb59aa614dd4abff8e628ff47bfb, type: 3}
      propertyPath: m_Name
      value: DragonSpawn
      objectReference: {fileID: 0}
    - target: {fileID: 143440427145986629, guid: 7e5fcb59aa614dd4abff8e628ff47bfb, type: 3}
      propertyPath: m_RootOrder
      value: 14
      objectReference: {fileID: 0}
    - target: {fileID: 143440427145986629, guid: 7e5fcb59aa614dd4abff8e628ff47bfb, type: 3}
      propertyPath: m_LocalPosition.x
      value: -14.7
      objectReference: {fileID: 0}
    - target: {fileID: 143440427145986629, guid: 7e5fcb59aa614dd4abff8e628ff47bfb, type: 3}
      propertyPath: m_LocalPosition.y
      value: 0
      objectReference: {fileID: 0}
    - target: {fileID: 143440427145986629, guid: 7e5fcb59aa614dd4abff8e628ff47bfb, type: 3}
      propertyPath: m_LocalPosition.z
      value: -17.6
      objectReference: {fileID: 0}
    - target: {fileID: 143440427145986629, guid: 7e5fcb59aa614dd4abff8e628ff47bfb, type: 3}
      propertyPath: m_LocalRotation.w
      value: 1
      objectReference: {fileID: 0}
    - target: {fileID: 143440427145986629, guid: 7e5fcb59aa614dd4abff8e628ff47bfb, type: 3}
      propertyPath: m_LocalRotation.x
      value: 0
      objectReference: {fileID: 0}
    - target: {fileID: 143440427145986629, guid: 7e5fcb59aa614dd4abff8e628ff47bfb, type: 3}
      propertyPath: m_LocalRotation.y
      value: 0
      objectReference: {fileID: 0}
    - target: {fileID: 143440427145986629, guid: 7e5fcb59aa614dd4abff8e628ff47bfb, type: 3}
      propertyPath: m_LocalRotation.z
      value: 0
      objectReference: {fileID: 0}
    - target: {fileID: 143440427145986629, guid: 7e5fcb59aa614dd4abff8e628ff47bfb, type: 3}
      propertyPath: m_LocalEulerAnglesHint.x
      value: 0
      objectReference: {fileID: 0}
    - target: {fileID: 143440427145986629, guid: 7e5fcb59aa614dd4abff8e628ff47bfb, type: 3}
      propertyPath: m_LocalEulerAnglesHint.y
      value: 0
      objectReference: {fileID: 0}
    - target: {fileID: 143440427145986629, guid: 7e5fcb59aa614dd4abff8e628ff47bfb, type: 3}
      propertyPath: m_LocalEulerAnglesHint.z
      value: 0
      objectReference: {fileID: 0}
    m_RemovedComponents: []
  m_SourcePrefab: {fileID: 100100000, guid: 7e5fcb59aa614dd4abff8e628ff47bfb, type: 3}
--- !u!4 &2044401711 stripped
Transform:
  m_CorrespondingSourceObject: {fileID: 143440427145986629, guid: 7e5fcb59aa614dd4abff8e628ff47bfb, type: 3}
  m_PrefabInstance: {fileID: 2044401710}
  m_PrefabAsset: {fileID: 0}
--- !u!1 &2076526303
GameObject:
  m_ObjectHideFlags: 0
  m_CorrespondingSourceObject: {fileID: 0}
  m_PrefabInstance: {fileID: 0}
  m_PrefabAsset: {fileID: 0}
  serializedVersion: 6
  m_Component:
  - component: {fileID: 2076526307}
  - component: {fileID: 2076526306}
  - component: {fileID: 2076526305}
  - component: {fileID: 2076526304}
  m_Layer: 0
  m_Name: Terrain
  m_TagString: Untagged
  m_Icon: {fileID: 0}
  m_NavMeshLayer: 0
  m_StaticEditorFlags: 4294967295
  m_IsActive: 1
--- !u!114 &2076526304
MonoBehaviour:
  m_ObjectHideFlags: 0
  m_CorrespondingSourceObject: {fileID: 0}
  m_PrefabInstance: {fileID: 0}
  m_PrefabAsset: {fileID: 0}
  m_GameObject: {fileID: 2076526303}
  m_Enabled: 1
  m_EditorHideFlags: 0
  m_Script: {fileID: 11500000, guid: 752c09f56bc699a4a8414e3b5da63141, type: 3}
  m_Name: 
  m_EditorClassIdentifier: 
  terrainToCopy: {fileID: 0}
--- !u!154 &2076526305
TerrainCollider:
  m_ObjectHideFlags: 0
  m_CorrespondingSourceObject: {fileID: 0}
  m_PrefabInstance: {fileID: 0}
  m_PrefabAsset: {fileID: 0}
  m_GameObject: {fileID: 2076526303}
  m_Material: {fileID: 0}
  m_Enabled: 1
  m_TerrainData: {fileID: 15600000, guid: 0f7e34af224b66c4896d6ad20e4d4151, type: 2}
  m_EnableTreeColliders: 1
--- !u!218 &2076526306
Terrain:
  m_ObjectHideFlags: 0
  m_CorrespondingSourceObject: {fileID: 0}
  m_PrefabInstance: {fileID: 0}
  m_PrefabAsset: {fileID: 0}
  m_GameObject: {fileID: 2076526303}
  m_Enabled: 1
  serializedVersion: 6
  m_TerrainData: {fileID: 15600000, guid: 0f7e34af224b66c4896d6ad20e4d4151, type: 2}
  m_TreeDistance: 5000
  m_TreeBillboardDistance: 50
  m_TreeCrossFadeLength: 5
  m_TreeMaximumFullLODCount: 50
  m_DetailObjectDistance: 80
  m_DetailObjectDensity: 1
  m_HeightmapPixelError: 5
  m_SplatMapDistance: 1000
  m_HeightmapMaximumLOD: 0
  m_ShadowCastingMode: 2
  m_DrawHeightmap: 1
  m_DrawInstanced: 0
  m_DrawTreesAndFoliage: 1
  m_ReflectionProbeUsage: 1
  m_MaterialTemplate: {fileID: 2100000, guid: 72a3bba4f4c05564294575f0bd4776ed, type: 2}
  m_BakeLightProbesForTrees: 1
  m_PreserveTreePrototypeLayers: 0
  m_DeringLightProbesForTrees: 1
  m_ScaleInLightmap: 0.0256
  m_LightmapParameters: {fileID: 15203, guid: 0000000000000000f000000000000000, type: 0}
  m_GroupingID: 0
  m_RenderingLayerMask: 1
  m_AllowAutoConnect: 1
--- !u!4 &2076526307
Transform:
  m_ObjectHideFlags: 0
  m_CorrespondingSourceObject: {fileID: 0}
  m_PrefabInstance: {fileID: 0}
  m_PrefabAsset: {fileID: 0}
  m_GameObject: {fileID: 2076526303}
  m_LocalRotation: {x: 0, y: 0, z: 0, w: 1}
  m_LocalPosition: {x: -25.11, y: 0, z: -27.3}
  m_LocalScale: {x: 1, y: 1, z: 1}
  m_Children: []
  m_Father: {fileID: 0}
  m_RootOrder: 10
  m_LocalEulerAnglesHint: {x: 0, y: 0, z: 0}
--- !u!1001 &1747524448968684016
PrefabInstance:
  m_ObjectHideFlags: 0
  serializedVersion: 2
  m_Modification:
    m_TransformParent: {fileID: 1739688338}
    m_Modifications:
    - target: {fileID: 1747524449261476034, guid: d18f1e9c4e06c1647a97e8dec8ad346d, type: 3}
      propertyPath: m_Name
      value: EventManager
      objectReference: {fileID: 0}
    - target: {fileID: 1747524449261476035, guid: d18f1e9c4e06c1647a97e8dec8ad346d, type: 3}
      propertyPath: m_RootOrder
      value: 2
      objectReference: {fileID: 0}
    - target: {fileID: 1747524449261476035, guid: d18f1e9c4e06c1647a97e8dec8ad346d, type: 3}
      propertyPath: m_LocalPosition.x
      value: 0
      objectReference: {fileID: 0}
    - target: {fileID: 1747524449261476035, guid: d18f1e9c4e06c1647a97e8dec8ad346d, type: 3}
      propertyPath: m_LocalPosition.y
      value: 0
      objectReference: {fileID: 0}
    - target: {fileID: 1747524449261476035, guid: d18f1e9c4e06c1647a97e8dec8ad346d, type: 3}
      propertyPath: m_LocalPosition.z
      value: 0
      objectReference: {fileID: 0}
    - target: {fileID: 1747524449261476035, guid: d18f1e9c4e06c1647a97e8dec8ad346d, type: 3}
      propertyPath: m_LocalRotation.w
      value: 1
      objectReference: {fileID: 0}
    - target: {fileID: 1747524449261476035, guid: d18f1e9c4e06c1647a97e8dec8ad346d, type: 3}
      propertyPath: m_LocalRotation.x
      value: 0
      objectReference: {fileID: 0}
    - target: {fileID: 1747524449261476035, guid: d18f1e9c4e06c1647a97e8dec8ad346d, type: 3}
      propertyPath: m_LocalRotation.y
      value: 0
      objectReference: {fileID: 0}
    - target: {fileID: 1747524449261476035, guid: d18f1e9c4e06c1647a97e8dec8ad346d, type: 3}
      propertyPath: m_LocalRotation.z
      value: 0
      objectReference: {fileID: 0}
    - target: {fileID: 1747524449261476035, guid: d18f1e9c4e06c1647a97e8dec8ad346d, type: 3}
      propertyPath: m_LocalEulerAnglesHint.x
      value: 0
      objectReference: {fileID: 0}
    - target: {fileID: 1747524449261476035, guid: d18f1e9c4e06c1647a97e8dec8ad346d, type: 3}
      propertyPath: m_LocalEulerAnglesHint.y
      value: 0
      objectReference: {fileID: 0}
    - target: {fileID: 1747524449261476035, guid: d18f1e9c4e06c1647a97e8dec8ad346d, type: 3}
      propertyPath: m_LocalEulerAnglesHint.z
      value: 0
      objectReference: {fileID: 0}
    m_RemovedComponents: []
  m_SourcePrefab: {fileID: 100100000, guid: d18f1e9c4e06c1647a97e8dec8ad346d, type: 3}
--- !u!1001 &2357120466584235785
PrefabInstance:
  m_ObjectHideFlags: 0
  serializedVersion: 2
  m_Modification:
    m_TransformParent: {fileID: 1739688338}
    m_Modifications:
    - target: {fileID: 2357120465885416136, guid: 0821bee2190bfff44b4b31a29f0b87fa, type: 3}
      propertyPath: m_Name
      value: MonsterManager
      objectReference: {fileID: 0}
    - target: {fileID: 2357120465885416138, guid: 0821bee2190bfff44b4b31a29f0b87fa, type: 3}
      propertyPath: monsterList.Array.size
      value: 3
      objectReference: {fileID: 0}
    - target: {fileID: 2357120465885416138, guid: 0821bee2190bfff44b4b31a29f0b87fa, type: 3}
      propertyPath: monsterList.Array.data[0].amount
      value: 1
      objectReference: {fileID: 0}
    - target: {fileID: 2357120465885416138, guid: 0821bee2190bfff44b4b31a29f0b87fa, type: 3}
      propertyPath: monsterList.Array.data[0].prefab
      value: 
      objectReference: {fileID: 411949310058810397, guid: 77cb63a09de63444c80456a2cf5f07d2, type: 3}
    - target: {fileID: 2357120465885416138, guid: 0821bee2190bfff44b4b31a29f0b87fa, type: 3}
      propertyPath: monsterList.Array.data[1].amount
      value: 1
      objectReference: {fileID: 0}
    - target: {fileID: 2357120465885416138, guid: 0821bee2190bfff44b4b31a29f0b87fa, type: 3}
      propertyPath: monsterList.Array.data[1].prefab
      value: 
      objectReference: {fileID: 7037316832169554526, guid: 93e46a322792a91418397a7590e33dbe, type: 3}
    - target: {fileID: 2357120465885416138, guid: 0821bee2190bfff44b4b31a29f0b87fa, type: 3}
      propertyPath: monsterList.Array.data[2].amount
      value: 1
      objectReference: {fileID: 0}
    - target: {fileID: 2357120465885416138, guid: 0821bee2190bfff44b4b31a29f0b87fa, type: 3}
      propertyPath: monsterList.Array.data[2].prefab
      value: 
      objectReference: {fileID: 8402188843152609519, guid: 0cb8e2c7e1ff0ae4b9b69c45902519e2, type: 3}
    - target: {fileID: 2357120465885416138, guid: 0821bee2190bfff44b4b31a29f0b87fa, type: 3}
      propertyPath: monsterList.Array.data[1].spawnArea.Array.size
      value: 1
      objectReference: {fileID: 0}
    - target: {fileID: 2357120465885416138, guid: 0821bee2190bfff44b4b31a29f0b87fa, type: 3}
      propertyPath: monsterList.Array.data[2].spawnArea.Array.size
      value: 1
      objectReference: {fileID: 0}
    - target: {fileID: 2357120465885416138, guid: 0821bee2190bfff44b4b31a29f0b87fa, type: 3}
      propertyPath: monsterList.Array.data[0].spawnArea.Array.data[0]
      value: 
      objectReference: {fileID: 985184888}
    - target: {fileID: 2357120465885416138, guid: 0821bee2190bfff44b4b31a29f0b87fa, type: 3}
      propertyPath: monsterList.Array.data[1].spawnArea.Array.data[0]
      value: 
      objectReference: {fileID: 2044401711}
    - target: {fileID: 2357120465885416138, guid: 0821bee2190bfff44b4b31a29f0b87fa, type: 3}
      propertyPath: monsterList.Array.data[2].spawnArea.Array.data[0]
      value: 
      objectReference: {fileID: 1055562238}
    - target: {fileID: 2357120465885416139, guid: 0821bee2190bfff44b4b31a29f0b87fa, type: 3}
      propertyPath: m_RootOrder
      value: 1
      objectReference: {fileID: 0}
    - target: {fileID: 2357120465885416139, guid: 0821bee2190bfff44b4b31a29f0b87fa, type: 3}
      propertyPath: m_LocalPosition.x
      value: 0
      objectReference: {fileID: 0}
    - target: {fileID: 2357120465885416139, guid: 0821bee2190bfff44b4b31a29f0b87fa, type: 3}
      propertyPath: m_LocalPosition.y
      value: 0
      objectReference: {fileID: 0}
    - target: {fileID: 2357120465885416139, guid: 0821bee2190bfff44b4b31a29f0b87fa, type: 3}
      propertyPath: m_LocalPosition.z
      value: 0
      objectReference: {fileID: 0}
    - target: {fileID: 2357120465885416139, guid: 0821bee2190bfff44b4b31a29f0b87fa, type: 3}
      propertyPath: m_LocalRotation.w
      value: 1
      objectReference: {fileID: 0}
    - target: {fileID: 2357120465885416139, guid: 0821bee2190bfff44b4b31a29f0b87fa, type: 3}
      propertyPath: m_LocalRotation.x
      value: 0
      objectReference: {fileID: 0}
    - target: {fileID: 2357120465885416139, guid: 0821bee2190bfff44b4b31a29f0b87fa, type: 3}
      propertyPath: m_LocalRotation.y
      value: 0
      objectReference: {fileID: 0}
    - target: {fileID: 2357120465885416139, guid: 0821bee2190bfff44b4b31a29f0b87fa, type: 3}
      propertyPath: m_LocalRotation.z
      value: 0
      objectReference: {fileID: 0}
    - target: {fileID: 2357120465885416139, guid: 0821bee2190bfff44b4b31a29f0b87fa, type: 3}
      propertyPath: m_LocalEulerAnglesHint.x
      value: 0
      objectReference: {fileID: 0}
    - target: {fileID: 2357120465885416139, guid: 0821bee2190bfff44b4b31a29f0b87fa, type: 3}
      propertyPath: m_LocalEulerAnglesHint.y
      value: 0
      objectReference: {fileID: 0}
    - target: {fileID: 2357120465885416139, guid: 0821bee2190bfff44b4b31a29f0b87fa, type: 3}
      propertyPath: m_LocalEulerAnglesHint.z
      value: 0
      objectReference: {fileID: 0}
    m_RemovedComponents: []
  m_SourcePrefab: {fileID: 100100000, guid: 0821bee2190bfff44b4b31a29f0b87fa, type: 3}
--- !u!1001 &8192049700888138812
PrefabInstance:
  m_ObjectHideFlags: 0
  serializedVersion: 2
  m_Modification:
    m_TransformParent: {fileID: 1739688338}
    m_Modifications:
    - target: {fileID: 5885917815475325912, guid: ba2ca47013630e44d8baa809f3471b5f, type: 3}
      propertyPath: sceneViewId
      value: 4
      objectReference: {fileID: 0}
    - target: {fileID: 7876351013812839112, guid: ba2ca47013630e44d8baa809f3471b5f, type: 3}
      propertyPath: m_LocalPosition.x
      value: 0
      objectReference: {fileID: 0}
    - target: {fileID: 7876351013812839112, guid: ba2ca47013630e44d8baa809f3471b5f, type: 3}
      propertyPath: m_LocalPosition.y
      value: 7.48
      objectReference: {fileID: 0}
    - target: {fileID: 7876351013812839112, guid: ba2ca47013630e44d8baa809f3471b5f, type: 3}
      propertyPath: m_LocalPosition.z
      value: 0
      objectReference: {fileID: 0}
    - target: {fileID: 8192049702019873292, guid: ba2ca47013630e44d8baa809f3471b5f, type: 3}
      propertyPath: m_RootOrder
      value: 0
      objectReference: {fileID: 0}
    - target: {fileID: 8192049702019873292, guid: ba2ca47013630e44d8baa809f3471b5f, type: 3}
      propertyPath: m_LocalPosition.x
      value: 18.82207
      objectReference: {fileID: 0}
    - target: {fileID: 8192049702019873292, guid: ba2ca47013630e44d8baa809f3471b5f, type: 3}
      propertyPath: m_LocalPosition.y
      value: -3.747547
      objectReference: {fileID: 0}
    - target: {fileID: 8192049702019873292, guid: ba2ca47013630e44d8baa809f3471b5f, type: 3}
      propertyPath: m_LocalPosition.z
      value: 19.231712
      objectReference: {fileID: 0}
    - target: {fileID: 8192049702019873292, guid: ba2ca47013630e44d8baa809f3471b5f, type: 3}
      propertyPath: m_LocalRotation.w
      value: 1
      objectReference: {fileID: 0}
    - target: {fileID: 8192049702019873292, guid: ba2ca47013630e44d8baa809f3471b5f, type: 3}
      propertyPath: m_LocalRotation.x
      value: -0
      objectReference: {fileID: 0}
    - target: {fileID: 8192049702019873292, guid: ba2ca47013630e44d8baa809f3471b5f, type: 3}
      propertyPath: m_LocalRotation.y
      value: -0
      objectReference: {fileID: 0}
    - target: {fileID: 8192049702019873292, guid: ba2ca47013630e44d8baa809f3471b5f, type: 3}
      propertyPath: m_LocalRotation.z
      value: -0
      objectReference: {fileID: 0}
    - target: {fileID: 8192049702019873292, guid: ba2ca47013630e44d8baa809f3471b5f, type: 3}
      propertyPath: m_LocalEulerAnglesHint.x
      value: 0
      objectReference: {fileID: 0}
    - target: {fileID: 8192049702019873292, guid: ba2ca47013630e44d8baa809f3471b5f, type: 3}
      propertyPath: m_LocalEulerAnglesHint.y
      value: 0
      objectReference: {fileID: 0}
    - target: {fileID: 8192049702019873292, guid: ba2ca47013630e44d8baa809f3471b5f, type: 3}
      propertyPath: m_LocalEulerAnglesHint.z
      value: 0
      objectReference: {fileID: 0}
    - target: {fileID: 8192049702019873298, guid: ba2ca47013630e44d8baa809f3471b5f, type: 3}
      propertyPath: m_Name
      value: GameManager
      objectReference: {fileID: 0}
    - target: {fileID: 8192049702019873299, guid: ba2ca47013630e44d8baa809f3471b5f, type: 3}
      propertyPath: bellTimer
      value: 
      objectReference: {fileID: 0}
    - target: {fileID: 8192049702019873299, guid: ba2ca47013630e44d8baa809f3471b5f, type: 3}
      propertyPath: respawnTimer
      value: 1
      objectReference: {fileID: 0}
    - target: {fileID: 8192049702019873299, guid: ba2ca47013630e44d8baa809f3471b5f, type: 3}
      propertyPath: playerPrefab.Array.size
      value: 2
      objectReference: {fileID: 0}
    - target: {fileID: 8192049702019873299, guid: ba2ca47013630e44d8baa809f3471b5f, type: 3}
      propertyPath: playerPrefab.Array.data[0]
      value: 
      objectReference: {fileID: 1706455312216612962, guid: 5f78a01e63c81a54e85b29b76a6230fb, type: 3}
    - target: {fileID: 8192049702019873299, guid: ba2ca47013630e44d8baa809f3471b5f, type: 3}
      propertyPath: playerPrefab.Array.data[1]
      value: 
      objectReference: {fileID: 3349035566545460834, guid: c0f22c172489d6c4896879e9a7cde518, type: 3}
    - target: {fileID: 8192049702019873299, guid: ba2ca47013630e44d8baa809f3471b5f, type: 3}
      propertyPath: newPlayerJoined.m_PersistentCalls.m_Calls.Array.size
      value: 1
      objectReference: {fileID: 0}
    - target: {fileID: 8192049702019873299, guid: ba2ca47013630e44d8baa809f3471b5f, type: 3}
      propertyPath: newPlayerJoined.m_PersistentCalls.m_Calls.Array.data[0].m_Mode
      value: 1
      objectReference: {fileID: 0}
    - target: {fileID: 8192049702019873299, guid: ba2ca47013630e44d8baa809f3471b5f, type: 3}
      propertyPath: newPlayerJoined.m_PersistentCalls.m_Calls.Array.data[0].m_CallState
      value: 2
      objectReference: {fileID: 0}
    m_RemovedComponents: []
  m_SourcePrefab: {fileID: 100100000, guid: ba2ca47013630e44d8baa809f3471b5f, type: 3}
--- !u!4 &8192049700888138813 stripped
Transform:
  m_CorrespondingSourceObject: {fileID: 8192049702019873292, guid: ba2ca47013630e44d8baa809f3471b5f, type: 3}
  m_PrefabInstance: {fileID: 8192049700888138812}
  m_PrefabAsset: {fileID: 0}
--- !u!1001 &8233693234968604045
PrefabInstance:
  m_ObjectHideFlags: 0
  serializedVersion: 2
  m_Modification:
    m_TransformParent: {fileID: 1739688338}
    m_Modifications:
    - target: {fileID: 7727079050271318534, guid: 129b5c95bb540d94aa195278234456fe, type: 3}
      propertyPath: m_Volume
      value: 0.331
      objectReference: {fileID: 0}
    - target: {fileID: 7727079050271318534, guid: 129b5c95bb540d94aa195278234456fe, type: 3}
      propertyPath: m_PlayOnAwake
      value: 0
      objectReference: {fileID: 0}
    - target: {fileID: 8233693235525684937, guid: 129b5c95bb540d94aa195278234456fe, type: 3}
      propertyPath: m_RootOrder
      value: 3
      objectReference: {fileID: 0}
    - target: {fileID: 8233693235525684937, guid: 129b5c95bb540d94aa195278234456fe, type: 3}
      propertyPath: m_LocalPosition.x
      value: 0
      objectReference: {fileID: 0}
    - target: {fileID: 8233693235525684937, guid: 129b5c95bb540d94aa195278234456fe, type: 3}
      propertyPath: m_LocalPosition.y
      value: 0
      objectReference: {fileID: 0}
    - target: {fileID: 8233693235525684937, guid: 129b5c95bb540d94aa195278234456fe, type: 3}
      propertyPath: m_LocalPosition.z
      value: 0
      objectReference: {fileID: 0}
    - target: {fileID: 8233693235525684937, guid: 129b5c95bb540d94aa195278234456fe, type: 3}
      propertyPath: m_LocalRotation.w
      value: 1
      objectReference: {fileID: 0}
    - target: {fileID: 8233693235525684937, guid: 129b5c95bb540d94aa195278234456fe, type: 3}
      propertyPath: m_LocalRotation.x
      value: 0
      objectReference: {fileID: 0}
    - target: {fileID: 8233693235525684937, guid: 129b5c95bb540d94aa195278234456fe, type: 3}
      propertyPath: m_LocalRotation.y
      value: 0
      objectReference: {fileID: 0}
    - target: {fileID: 8233693235525684937, guid: 129b5c95bb540d94aa195278234456fe, type: 3}
      propertyPath: m_LocalRotation.z
      value: 0
      objectReference: {fileID: 0}
    - target: {fileID: 8233693235525684937, guid: 129b5c95bb540d94aa195278234456fe, type: 3}
      propertyPath: m_LocalEulerAnglesHint.x
      value: 0
      objectReference: {fileID: 0}
    - target: {fileID: 8233693235525684937, guid: 129b5c95bb540d94aa195278234456fe, type: 3}
      propertyPath: m_LocalEulerAnglesHint.y
      value: 0
      objectReference: {fileID: 0}
    - target: {fileID: 8233693235525684937, guid: 129b5c95bb540d94aa195278234456fe, type: 3}
      propertyPath: m_LocalEulerAnglesHint.z
      value: 0
      objectReference: {fileID: 0}
    - target: {fileID: 8233693235525684942, guid: 129b5c95bb540d94aa195278234456fe, type: 3}
      propertyPath: m_Name
      value: AudioManager
      objectReference: {fileID: 0}
    m_RemovedComponents: []
  m_SourcePrefab: {fileID: 100100000, guid: 129b5c95bb540d94aa195278234456fe, type: 3}
--- !u!1001 &8610972622757282913
PrefabInstance:
  m_ObjectHideFlags: 0
  serializedVersion: 2
  m_Modification:
    m_TransformParent: {fileID: 1418665616}
    m_Modifications:
    - target: {fileID: 1325728790171149573, guid: 8ce057c5f95c4f241814528f08619db2, type: 3}
      propertyPath: m_Enabled
      value: 0
      objectReference: {fileID: 0}
    - target: {fileID: 3534542543488748461, guid: 8ce057c5f95c4f241814528f08619db2, type: 3}
      propertyPath: m_Name
      value: BellTimer
      objectReference: {fileID: 0}
    - target: {fileID: 3811487331393345191, guid: 8ce057c5f95c4f241814528f08619db2, type: 3}
      propertyPath: sceneViewId
      value: 1
      objectReference: {fileID: 0}
    - target: {fileID: 3937765523105980550, guid: 8ce057c5f95c4f241814528f08619db2, type: 3}
      propertyPath: m_SizeDelta.x
      value: 352.3002
      objectReference: {fileID: 0}
    - target: {fileID: 3937765523105980550, guid: 8ce057c5f95c4f241814528f08619db2, type: 3}
      propertyPath: m_SizeDelta.y
      value: 131.7527
      objectReference: {fileID: 0}
    - target: {fileID: 3937765523105980550, guid: 8ce057c5f95c4f241814528f08619db2, type: 3}
      propertyPath: m_AnchoredPosition.x
      value: -5
      objectReference: {fileID: 0}
    - target: {fileID: 3937765523105980550, guid: 8ce057c5f95c4f241814528f08619db2, type: 3}
      propertyPath: m_AnchoredPosition.y
      value: 267
      objectReference: {fileID: 0}
    - target: {fileID: 5612731566695774984, guid: 8ce057c5f95c4f241814528f08619db2, type: 3}
      propertyPath: m_Pivot.x
      value: 0.5
      objectReference: {fileID: 0}
    - target: {fileID: 5612731566695774984, guid: 8ce057c5f95c4f241814528f08619db2, type: 3}
      propertyPath: m_Pivot.y
      value: 0.5
      objectReference: {fileID: 0}
    - target: {fileID: 5612731566695774984, guid: 8ce057c5f95c4f241814528f08619db2, type: 3}
      propertyPath: m_RootOrder
      value: 1
      objectReference: {fileID: 0}
    - target: {fileID: 5612731566695774984, guid: 8ce057c5f95c4f241814528f08619db2, type: 3}
      propertyPath: m_AnchorMax.x
      value: 0.5
      objectReference: {fileID: 0}
    - target: {fileID: 5612731566695774984, guid: 8ce057c5f95c4f241814528f08619db2, type: 3}
      propertyPath: m_AnchorMax.y
      value: 0.5
      objectReference: {fileID: 0}
    - target: {fileID: 5612731566695774984, guid: 8ce057c5f95c4f241814528f08619db2, type: 3}
      propertyPath: m_AnchorMin.x
      value: 0.5
      objectReference: {fileID: 0}
    - target: {fileID: 5612731566695774984, guid: 8ce057c5f95c4f241814528f08619db2, type: 3}
      propertyPath: m_AnchorMin.y
      value: 0.5
      objectReference: {fileID: 0}
    - target: {fileID: 5612731566695774984, guid: 8ce057c5f95c4f241814528f08619db2, type: 3}
      propertyPath: m_SizeDelta.x
      value: 100
      objectReference: {fileID: 0}
    - target: {fileID: 5612731566695774984, guid: 8ce057c5f95c4f241814528f08619db2, type: 3}
      propertyPath: m_SizeDelta.y
      value: 100
      objectReference: {fileID: 0}
    - target: {fileID: 5612731566695774984, guid: 8ce057c5f95c4f241814528f08619db2, type: 3}
      propertyPath: m_LocalPosition.x
      value: 0
      objectReference: {fileID: 0}
    - target: {fileID: 5612731566695774984, guid: 8ce057c5f95c4f241814528f08619db2, type: 3}
      propertyPath: m_LocalPosition.y
      value: 0
      objectReference: {fileID: 0}
    - target: {fileID: 5612731566695774984, guid: 8ce057c5f95c4f241814528f08619db2, type: 3}
      propertyPath: m_LocalPosition.z
      value: 0
      objectReference: {fileID: 0}
    - target: {fileID: 5612731566695774984, guid: 8ce057c5f95c4f241814528f08619db2, type: 3}
      propertyPath: m_LocalRotation.w
      value: 1
      objectReference: {fileID: 0}
    - target: {fileID: 5612731566695774984, guid: 8ce057c5f95c4f241814528f08619db2, type: 3}
      propertyPath: m_LocalRotation.x
      value: -0
      objectReference: {fileID: 0}
    - target: {fileID: 5612731566695774984, guid: 8ce057c5f95c4f241814528f08619db2, type: 3}
      propertyPath: m_LocalRotation.y
      value: -0
      objectReference: {fileID: 0}
    - target: {fileID: 5612731566695774984, guid: 8ce057c5f95c4f241814528f08619db2, type: 3}
      propertyPath: m_LocalRotation.z
      value: -0
      objectReference: {fileID: 0}
    - target: {fileID: 5612731566695774984, guid: 8ce057c5f95c4f241814528f08619db2, type: 3}
      propertyPath: m_AnchoredPosition.x
      value: 0
      objectReference: {fileID: 0}
    - target: {fileID: 5612731566695774984, guid: 8ce057c5f95c4f241814528f08619db2, type: 3}
      propertyPath: m_AnchoredPosition.y
      value: -515
      objectReference: {fileID: 0}
    - target: {fileID: 5612731566695774984, guid: 8ce057c5f95c4f241814528f08619db2, type: 3}
      propertyPath: m_LocalEulerAnglesHint.x
      value: 0
      objectReference: {fileID: 0}
    - target: {fileID: 5612731566695774984, guid: 8ce057c5f95c4f241814528f08619db2, type: 3}
      propertyPath: m_LocalEulerAnglesHint.y
      value: 0
      objectReference: {fileID: 0}
    - target: {fileID: 5612731566695774984, guid: 8ce057c5f95c4f241814528f08619db2, type: 3}
      propertyPath: m_LocalEulerAnglesHint.z
      value: 0
      objectReference: {fileID: 0}
    - target: {fileID: 6464656194697722076, guid: 8ce057c5f95c4f241814528f08619db2, type: 3}
      propertyPath: barrier
      value: 
      objectReference: {fileID: 836182998}
    - target: {fileID: 6464656194697722076, guid: 8ce057c5f95c4f241814528f08619db2, type: 3}
      propertyPath: minutes
      value: 10
      objectReference: {fileID: 0}
    - target: {fileID: 6464656194697722076, guid: 8ce057c5f95c4f241814528f08619db2, type: 3}
      propertyPath: startTimer
      value: 
      objectReference: {fileID: 0}
    - target: {fileID: 6464656194697722076, guid: 8ce057c5f95c4f241814528f08619db2, type: 3}
      propertyPath: secondsBeforeStart
      value: 30
      objectReference: {fileID: 0}
    - target: {fileID: 8174498529396539042, guid: 8ce057c5f95c4f241814528f08619db2, type: 3}
      propertyPath: m_FontData.m_MaxSize
      value: 54
      objectReference: {fileID: 0}
    - target: {fileID: 8174498529396539042, guid: 8ce057c5f95c4f241814528f08619db2, type: 3}
      propertyPath: m_FontData.m_MinSize
      value: 4
      objectReference: {fileID: 0}
    - target: {fileID: 8174498529396539042, guid: 8ce057c5f95c4f241814528f08619db2, type: 3}
      propertyPath: m_FontData.m_FontSize
      value: 54
      objectReference: {fileID: 0}
    - target: {fileID: 8174498529396539042, guid: 8ce057c5f95c4f241814528f08619db2, type: 3}
      propertyPath: m_FontData.m_Alignment
      value: 4
      objectReference: {fileID: 0}
    m_RemovedComponents: []
  m_SourcePrefab: {fileID: 100100000, guid: 8ce057c5f95c4f241814528f08619db2, type: 3}
--- !u!1001 &9017848221326510706
PrefabInstance:
  m_ObjectHideFlags: 0
  serializedVersion: 2
  m_Modification:
    m_TransformParent: {fileID: 1418665616}
    m_Modifications:
    - target: {fileID: 9017848221769424978, guid: 124df52128b5c1e41afe296d728432a6, type: 3}
      propertyPath: m_Pivot.x
      value: 0.5
      objectReference: {fileID: 0}
    - target: {fileID: 9017848221769424978, guid: 124df52128b5c1e41afe296d728432a6, type: 3}
      propertyPath: m_Pivot.y
      value: 0.5
      objectReference: {fileID: 0}
    - target: {fileID: 9017848221769424978, guid: 124df52128b5c1e41afe296d728432a6, type: 3}
      propertyPath: m_RootOrder
      value: 0
      objectReference: {fileID: 0}
    - target: {fileID: 9017848221769424978, guid: 124df52128b5c1e41afe296d728432a6, type: 3}
      propertyPath: m_AnchorMax.x
      value: 0.5
      objectReference: {fileID: 0}
    - target: {fileID: 9017848221769424978, guid: 124df52128b5c1e41afe296d728432a6, type: 3}
      propertyPath: m_AnchorMax.y
      value: 0.5
      objectReference: {fileID: 0}
    - target: {fileID: 9017848221769424978, guid: 124df52128b5c1e41afe296d728432a6, type: 3}
      propertyPath: m_AnchorMin.x
      value: 0.5
      objectReference: {fileID: 0}
    - target: {fileID: 9017848221769424978, guid: 124df52128b5c1e41afe296d728432a6, type: 3}
      propertyPath: m_AnchorMin.y
      value: 0.5
      objectReference: {fileID: 0}
    - target: {fileID: 9017848221769424978, guid: 124df52128b5c1e41afe296d728432a6, type: 3}
      propertyPath: m_SizeDelta.x
      value: 160
      objectReference: {fileID: 0}
    - target: {fileID: 9017848221769424978, guid: 124df52128b5c1e41afe296d728432a6, type: 3}
      propertyPath: m_SizeDelta.y
      value: 30
      objectReference: {fileID: 0}
    - target: {fileID: 9017848221769424978, guid: 124df52128b5c1e41afe296d728432a6, type: 3}
      propertyPath: m_LocalPosition.x
      value: 0
      objectReference: {fileID: 0}
    - target: {fileID: 9017848221769424978, guid: 124df52128b5c1e41afe296d728432a6, type: 3}
      propertyPath: m_LocalPosition.y
      value: 0
      objectReference: {fileID: 0}
    - target: {fileID: 9017848221769424978, guid: 124df52128b5c1e41afe296d728432a6, type: 3}
      propertyPath: m_LocalPosition.z
      value: 0
      objectReference: {fileID: 0}
    - target: {fileID: 9017848221769424978, guid: 124df52128b5c1e41afe296d728432a6, type: 3}
      propertyPath: m_LocalRotation.w
      value: 1
      objectReference: {fileID: 0}
    - target: {fileID: 9017848221769424978, guid: 124df52128b5c1e41afe296d728432a6, type: 3}
      propertyPath: m_LocalRotation.x
      value: 0
      objectReference: {fileID: 0}
    - target: {fileID: 9017848221769424978, guid: 124df52128b5c1e41afe296d728432a6, type: 3}
      propertyPath: m_LocalRotation.y
      value: 0
      objectReference: {fileID: 0}
    - target: {fileID: 9017848221769424978, guid: 124df52128b5c1e41afe296d728432a6, type: 3}
      propertyPath: m_LocalRotation.z
      value: 0
      objectReference: {fileID: 0}
    - target: {fileID: 9017848221769424978, guid: 124df52128b5c1e41afe296d728432a6, type: 3}
      propertyPath: m_AnchoredPosition.x
      value: 0
      objectReference: {fileID: 0}
    - target: {fileID: 9017848221769424978, guid: 124df52128b5c1e41afe296d728432a6, type: 3}
      propertyPath: m_AnchoredPosition.y
      value: 0
      objectReference: {fileID: 0}
    - target: {fileID: 9017848221769424978, guid: 124df52128b5c1e41afe296d728432a6, type: 3}
      propertyPath: m_LocalEulerAnglesHint.x
      value: 0
      objectReference: {fileID: 0}
    - target: {fileID: 9017848221769424978, guid: 124df52128b5c1e41afe296d728432a6, type: 3}
      propertyPath: m_LocalEulerAnglesHint.y
      value: 0
      objectReference: {fileID: 0}
    - target: {fileID: 9017848221769424978, guid: 124df52128b5c1e41afe296d728432a6, type: 3}
      propertyPath: m_LocalEulerAnglesHint.z
      value: 0
      objectReference: {fileID: 0}
    - target: {fileID: 9017848221769424979, guid: 124df52128b5c1e41afe296d728432a6, type: 3}
      propertyPath: m_OnClick.m_PersistentCalls.m_Calls.Array.data[0].m_Target
      value: 
      objectReference: {fileID: 1156935215}
    - target: {fileID: 9017848221769425005, guid: 124df52128b5c1e41afe296d728432a6, type: 3}
      propertyPath: m_Name
      value: Leave Button
      objectReference: {fileID: 0}
    m_RemovedComponents: []
  m_SourcePrefab: {fileID: 100100000, guid: 124df52128b5c1e41afe296d728432a6, type: 3}
